<file xmlns="http://www.loc.gov/standards/marcxml/schema/MARC21slim.xsd"
    xmlns:xsi="http://www.w3.org/2001/XMLSchema-instance"
    xsi:schemaLocation=" 
    http://uniport.hosted.exlibrisgroup.com:80/aleph-cgi/load_schema.pl">
    
<knowledge_unit>
    <record>
        <controlfield tag="001">UNI04918</controlfield>
        <datafield tag="245" ind1="1" ind2=" ">
            <subfield code="a">Eurobarometer</subfield>
        </datafield>
        <datafield tag="210" ind1=" " ind2=" ">
            <subfield code="a">Eurobarometer</subfield>
        </datafield>
        <datafield tag="594" ind1=" " ind2=" ">
            <subfield code="a">FREE</subfield>
        </datafield>
        <datafield tag="591" ind1=" " ind2=" ">
            <subfield code="a">260106/PHB</subfield>
        </datafield>
        <datafield tag="520" ind1=" " ind2=" ">
            <subfield code="a">Du kjem inn på heimesida til European Commission Public Opinion. Eurobaromter i venstre sidefelt.######This is the website for the Public Opinion Analysis sector of the European Commission.</subfield>
        </datafield>
        <datafield tag="TAR" ind1=" " ind2=" ">
            <subfield code="f">Y</subfield>
        </datafield>
        <datafield tag="AF1" ind1=" " ind2=" ">
            <subfield code="a">BERGEN</subfield>
        </datafield>
        <datafield tag="STA" ind1=" " ind2=" ">
            <subfield code="a">ACTIVE</subfield>
        </datafield>
        <datafield tag="NWD" ind1=" " ind2=" ">
            <subfield code="a">20060630</subfield>
        </datafield>
        <datafield tag="RNK" ind1=" " ind2=" ">
            <subfield code="a">3</subfield>
        </datafield>
        <datafield tag="CJK" ind1=" " ind2=" ">
            <subfield code="a">lat</subfield>
        </datafield>
        <controlfield tag="FMT">DD</controlfield>
        <datafield tag="CAT" ind1=" " ind2=" ">
            <subfield code="a">bergen</subfield>
            <subfield code="b">00</subfield>
            <subfield code="c">20060130</subfield>
            <subfield code="l">DAT01</subfield>
            <subfield code="h">0907</subfield>
        </datafield>
        <datafield tag="856" ind1="4" ind2="1">
            <subfield code="u">http://ec.europa.eu/public_opinion/index_en.htm</subfield>
        </datafield>
        <datafield tag="655" ind1=" " ind2=" ">
            <subfield code="a">Subject Gateway</subfield>
        </datafield>
        <datafield tag="653" ind1=" " ind2=" ">
            <subfield code="a">EU</subfield>
        </datafield>
        <datafield tag="653" ind1=" " ind2=" ">
            <subfield code="a">Meiningsmålingar</subfield>
        </datafield>
        <datafield tag="CAT" ind1=" " ind2=" ">
            <subfield code="a">bergen</subfield>
            <subfield code="b">00</subfield>
            <subfield code="c">20100924</subfield>
            <subfield code="l">DAT01</subfield>
            <subfield code="h">1325</subfield>
        </datafield>
        <datafield tag="CAT" ind1=" " ind2=" ">
            <subfield code="a">bergen</subfield>
            <subfield code="b">00</subfield>
            <subfield code="c">20100924</subfield>
            <subfield code="l">DAT01</subfield>
            <subfield code="h">1326</subfield>
        </datafield>
    </record>