    
    <category>
        <main>Samfunnsvitskap</main>
        <sub>Dataarkiv</sub>
    </category>
</knowledge_unit>
    <knowledge_unit>
        <record>
            <controlfield tag="001">UNI20748</controlfield>
            <datafield tag="245" ind1="1" ind2=" ">
                <subfield code="a">The Cambridge Companions to Literature and Classics</subfield>
            </datafield>
            <datafield tag="246" ind1="1" ind2=" ">
                <subfield code="a">Cambridge Companions to Literature and Classics</subfield>
            </datafield>
            <datafield tag="210" ind1=" " ind2=" ">
                <subfield code="a">The Cambridge Companion to Literature and Classics</subfield>
            </datafield>
            <datafield tag="594" ind1=" " ind2=" ">
                <subfield code="a">SUBSCRIPTION</subfield>
            </datafield>
            <datafield tag="591" ind1=" " ind2=" ">
                <subfield code="a">es 2015-01-16</subfield>
            </datafield>
            <datafield tag="520" ind1=" " ind2=" ">
                <subfield code="a">The Cambridge Companions to Literature and Classics collection offers over 1400 comprehensive and accessible essays on major authors, periods and genres, written by experts and designed for student readers.</subfield>
            </datafield>
            <datafield tag="595" ind1=" " ind2=" ">
                <subfield code="a">Klikk på &quot;log in&quot; for å få tilgang.</subfield>
            </datafield>
            <datafield tag="546" ind1=" " ind2=" ">
                <subfield code="a">ENGLISH</subfield>
            </datafield>
            <datafield tag="TAR" ind1=" " ind2=" ">
                <subfield code="f">Y</subfield>
            </datafield>
            <datafield tag="PXY" ind1=" " ind2=" ">
                <subfield code="a">Y</subfield>
            </datafield>
            <datafield tag="AF1" ind1=" " ind2=" ">
                <subfield code="a">BERGEN</subfield>
            </datafield>
            <datafield tag="ICN" ind1=" " ind2=" ">
                <subfield code="a">NEW</subfield>
            </datafield>
            <datafield tag="STA" ind1=" " ind2=" ">
                <subfield code="a">ACTIVE</subfield>
            </datafield>
            <controlfield tag="CKB">UNI08984</controlfield>
            <datafield tag="NWD" ind1=" " ind2=" ">
                <subfield code="a">20150701</subfield>
            </datafield>
            <datafield tag="RNK" ind1=" " ind2=" ">
                <subfield code="a">3</subfield>
            </datafield>
            <datafield tag="LCL" ind1="1" ind2=" ">
                <subfield code="a">Antikken, klassisk, litteraturvitenskap</subfield>
            </datafield>
            <datafield tag="SFX" ind1=" " ind2=" ">
                <subfield code="a">N</subfield>
            </datafield>
            <datafield tag="CJK" ind1=" " ind2=" ">
                <subfield code="a">lat</subfield>
            </datafield>
            <controlfield tag="FMT">DD</controlfield>
            <datafield tag="856" ind1="4" ind2="1">
                <subfield code="u">http://cco.cambridge.org/collection?id=literature</subfield>
            </datafield>
            <datafield tag="655" ind1=" " ind2=" ">
                <subfield code="a">Electronic Book</subfield>
            </datafield>
            <datafield tag="CAT" ind1=" " ind2=" ">
                <subfield code="c">20150116</subfield>
                <subfield code="l">DAT01</subfield>
                <subfield code="h">1103</subfield>
            </datafield>
            <datafield tag="653" ind1=" " ind2=" ">
                <subfield code="a">Litteratur, Klassisk filologi</subfield>
            </datafield>
            <datafield tag="CAT" ind1=" " ind2=" ">
                <subfield code="a">bergen</subfield>
                <subfield code="b">00</subfield>
                <subfield code="c">20150116</subfield>
                <subfield code="l">DAT01</subfield>
                <subfield code="h">1236</subfield>
            </datafield>
            <datafield tag="CAT" ind1=" " ind2=" ">
                <subfield code="a">bergen</subfield>
                <subfield code="b">00</subfield>
                <subfield code="c">20150116</subfield>
                <subfield code="l">DAT01</subfield>
                <subfield code="h">1312</subfield>
            </datafield>
        </record>