
        
        <category>
            <main>Humanistiske fag</main>
            <sub>Engelsk</sub>
            <main>Humanistiske fag</main>
            <sub>Klassisk</sub>
            <main>Humanistiske fag</main>
            <sub>Nordisk</sub>
            <main>Humanistiske fag</main>
            <sub>Allmenn litteraturvitskap</sub>
            <main>Humanistiske fag</main>
            <sub>Fransk</sub>
            <main>Humanistiske fag</main>
            <sub>Italiensk</sub>
            <main>Humanistiske fag</main>
            <sub>Slavisk</sub>
            <main>Humanistiske fag</main>
            <sub>Spansk</sub>
            <main>Humanistiske fag</main>
            <sub>Tysk</sub>
        </category>
    </knowledge_unit>
    <knowledge_unit>
<record>
  <controlfield tag="001">UNI01262</controlfield>
  <datafield tag="245" ind1="1" ind2=" ">
    <subfield code="a">Library of Congress</subfield>
  </datafield>
  <datafield tag="210" ind1=" " ind2=" ">
    <subfield code="a">Library of Congress</subfield>
  </datafield>
  <datafield tag="520" ind1=" " ind2=" ">
    <subfield code="a">Library of Congress Online Catalog gir oversikt over bøker, serier, datafiler, manuscript, kart, musikk og lydopptak og visuelt materiale i biblioteket. ## ##The Library of Congress Online Catalog is a database of books, serials, computer files, manuscripts, cartographic materials, music, sound recordings, and visual materials at the library.</subfield>
  </datafield>
  <datafield tag="594" ind1=" " ind2=" ">
    <subfield code="a">FREE</subfield>
  </datafield>
  <datafield tag="270" ind1=" " ind2=" ">
    <subfield code="d">United States</subfield>
  </datafield>
  <datafield tag="TAR" ind1=" " ind2=" ">
    <subfield code="a">LOC</subfield>
    <subfield code="f">N</subfield>
  </datafield>
  <datafield tag="ZHS" ind1=" " ind2=" ">
    <subfield code="a">z3950.loc.gov:7090</subfield>
  </datafield>
  <datafield tag="ZDC" ind1=" " ind2=" ">
    <subfield code="a">Voyager</subfield>
  </datafield>
  <datafield tag="AF1" ind1=" " ind2=" ">
    <subfield code="a">BERGEN</subfield>
  </datafield>
  <datafield tag="AF3" ind1=" " ind2=" ">
    <subfield code="a">GUEST</subfield>
  </datafield>
  <datafield tag="STA" ind1=" " ind2=" ">
    <subfield code="a">ACTIVE</subfield>
  </datafield>
  <controlfield tag="CKB">CKB00073</controlfield>
  <datafield tag="RNK" ind1=" " ind2=" ">
    <subfield code="a">3</subfield>
  </datafield>
  <datafield tag="CJK" ind1=" " ind2=" ">
    <subfield code="a">lat</subfield>
  </datafield>
  <controlfield tag="FMT">DD</controlfield>
  <datafield tag="ATG" ind1=" " ind2=" ">
    <subfield code="a">FREE</subfield>
  </datafield>
  <datafield tag="720" ind1=" " ind2=" ">
    <subfield code="a">Voyager (Endeavor)</subfield>
  </datafield>
  <datafield tag="655" ind1=" " ind2=" ">
    <subfield code="a">Library</subfield>
  </datafield>
  <datafield tag="856" ind1="4" ind2="1">
    <subfield code="u">http://catalog.loc.gov/</subfield>
  </datafield>
  <datafield tag="CAT" ind1=" " ind2=" ">
    <subfield code="c">20041017</subfield>
    <subfield code="l">DAT01</subfield>
    <subfield code="h">1521</subfield>
  </datafield>
  <datafield tag="CAT" ind1=" " ind2=" ">
    <subfield code="a">bergen</subfield>
    <subfield code="b">00</subfield>
    <subfield code="c">20080422</subfield>
    <subfield code="l">DAT01</subfield>
    <subfield code="h">0839</subfield>
  </datafield>
  <datafield tag="CAT" ind1=" " ind2=" ">
    <subfield code="a">bergen</subfield>
    <subfield code="b">00</subfield>
    <subfield code="c">20130130</subfield>
    <subfield code="l">DAT01</subfield>
    <subfield code="h">1004</subfield>
  </datafield>
</record>