

<z58 base='LOC'>
  <field name='z58_base'>LOC</field>
  <field name='z58_access_method'>Z39</field>
  <field name='z58_in_record_type'>USMARC</field>
  <field name='z58_in_record_create'>vir_z00_z39_usmarc</field>
  <field name='z58_in_record_create_param'></field>
  <field name='z58_in_record_char_conv'>MARC8_TO_UTF</field>
  <field name='z58_in_direct_key'></field>
  <field name='z58_in_direct_key_param'></field>
  <field name='z58_in_scan_fix'></field>
  <field name='z58_configuration_type'>Full Record</field>
  <field name='z58_in_scan_char_conv'></field>
  <field name='z58_out_find_char_conv'>UTF_TO_MARC8</field>
  <field name='z58_out_scan_char_conv'></field>
  <field name='z58_sort'></field>
  <field name='z58_scan'>N</field>
  <field name='z58_tab01'>
    <field name='z58_tab01_type'></field>
    <field name='z58_tab01_code'>WTI</field>
    <field name='z58_tab01_code_target'>WTI</field>
    <field name='z58_tab01_filing'></field>
    <field name='z58_tab01_sub_code'></field>
  </field>
  <field name='z58_tab01'>
    <field name='z58_tab01_type'></field>
    <field name='z58_tab01_code'>WAU</field>
    <field name='z58_tab01_code_target'>WAU</field>
    <field name='z58_tab01_filing'></field>
    <field name='z58_tab01_sub_code'></field>
  </field>
  <field name='z58_tab01'>
    <field name='z58_tab01_type'></field>
    <field name='z58_tab01_code'>WSU</field>
    <field name='z58_tab01_code_target'>WSU</field>
    <field name='z58_tab01_filing'></field>
    <field name='z58_tab01_sub_code'></field>
  </field>
  <field name='z58_tab01'>
    <field name='z58_tab01_type'></field>
    <field name='z58_tab01_code'>WYR</field>
    <field name='z58_tab01_code_target'>WYR</field>
    <field name='z58_tab01_filing'></field>
    <field name='z58_tab01_sub_code'></field>
  </field>
  <field name='z58_tab01'>
    <field name='z58_tab01_type'></field>
    <field name='z58_tab01_code'>WRD</field>
    <field name='z58_tab01_code_target'>WRD</field>
    <field name='z58_tab01_filing'>20P1P</field>
    <field name='z58_tab01_sub_code'></field>
  </field>
  <field name='z58_tab01'>
    <field name='z58_tab01_type'></field>
    <field name='z58_tab01_code'>ISSN</field>
    <field name='z58_tab01_code_target'>ISSN</field>
    <field name='z58_tab01_filing'>29Ps/(\d{4})(\d{4})/$1-$2/P</field>
    <field name='z58_tab01_sub_code'></field>
  </field>
  <field name='z58_tab01'>
    <field name='z58_tab01_type'></field>
    <field name='z58_tab01_code'>ISBN</field>
    <field name='z58_tab01_code_target'>ISBN</field>
    <field name='z58_tab01_filing'></field>
    <field name='z58_tab01_sub_code'></field>
  </field>
  <field name='z58_tab01'>
    <field name='z58_tab01_type'></field>
    <field name='z58_tab01_code'>24###</field>
    <field name='z58_tab01_code_target'>WTI</field>
    <field name='z58_tab01_filing'>1_2P.,:;!&quot;-P_7P([/&lt;P</field>
    <field name='z58_tab01_sub_code'>a</field>
  </field>
  <field name='z58_tab01'>
    <field name='z58_tab01_type'></field>
    <field name='z58_tab01_code'>1####</field>
    <field name='z58_tab01_code_target'>WAU</field>
    <field name='z58_tab01_filing'>1_7P([/&lt;P_2P.P</field>
    <field name='z58_tab01_sub_code'>a</field>
  </field>
  <field name='z58_tab01'>
    <field name='z58_tab01_type'></field>
    <field name='z58_tab01_code'>6####</field>
    <field name='z58_tab01_code_target'>WSU</field>
    <field name='z58_tab01_filing'>1_2P.,:;!&quot;-P_7P([/&lt;P</field>
    <field name='z58_tab01_sub_code'>a</field>
  </field>
  <field name='z58_tab01'>
    <field name='z58_tab01_type'></field>
    <field name='z58_tab01_code'>7####</field>
    <field name='z58_tab01_code_target'>WAU</field>
    <field name='z58_tab01_filing'>1_7P([/&lt;P_2P.P</field>
    <field name='z58_tab01_sub_code'>a</field>
  </field>
  <field name='z58_record_conv_name'>vir_fix_doc_standard</field>
  <field name='z58_record_conv_param'></field>
  <field name='z58_tab_conv'>
    <field name='z58_tab_conv_in_tag'>008##</field>
    <field name='z58_tab_conv_in_sub_field'></field>
    <field name='z58_tab_conv_program'>vir_fix_doc_first</field>
    <field name='z58_tab_conv_param'>YR,a,8,4</field>
    <field name='z58_tab_conv_action'>ADDNEW</field>
    <field name='z58_tab_conv_condition'></field>
  </field>
  <field name='z58_tab_conv'>
    <field name='z58_tab_conv_in_tag'>010##</field>
    <field name='z58_tab_conv_in_sub_field'>a</field>
    <field name='z58_tab_conv_program'>vir_fix_doc_reg_exp</field>
    <field name='z58_tab_conv_param'>LCCN,a,P/a\^?(\w*\d+)/</field>
    <field name='z58_tab_conv_action'>ADDNEW</field>
    <field name='z58_tab_conv_condition'></field>
  </field>
  <field name='z58_tab_conv'>
    <field name='z58_tab_conv_in_tag'>010##</field>
    <field name='z58_tab_conv_in_sub_field'>a</field>
    <field name='z58_tab_conv_program'>vir_fix_doc_reg_exp</field>
    <field name='z58_tab_conv_param'>LCCN,a,P/\^?(\d+)/</field>
    <field name='z58_tab_conv_action'>ADDNEW</field>
    <field name='z58_tab_conv_condition'>NOTEXIST LCCN</field>
  </field>
  <field name='z58_tab_conv'>
    <field name='z58_tab_conv_in_tag'>245##</field>
    <field name='z58_tab_conv_in_sub_field'>a,b</field>
    <field name='z58_tab_conv_program'></field>
    <field name='z58_tab_conv_param'>TTL,a</field>
    <field name='z58_tab_conv_action'>MERGE_SUB</field>
    <field name='z58_tab_conv_condition'></field>
  </field>
  <field name='z58_metalib_info'></field>
  <field name='z58_metalib_select'></field>
  <field name='z58_metalib_connect'></field>
  <field name='z58_metalib_note'></field>
  <field name='z58_locate'>245&lt;br&gt; b wti= locate_str_1</field>
  <field name='z58_holding_method'>OPAC</field>
  <field name='z58_z39_server_rec_fix'></field>
  <field name='z58_z39_server_rec_fix'></field>
  <field name='z58_z39_server_rec_fix'></field>
  <field name='z58_z39_server_rec_fix'></field>
  <field name='z58_z39_server_rec_fix'></field>
  <field name='z58_z39_server_rec_type'></field>
  <field name='z58_z39_server_rec_type'></field>
  <field name='z58_z39_server_rec_type'></field>
  <field name='z58_z39_server_rec_type'></field>
  <field name='z58_z39_server_rec_type'></field>
  <field name='z58_z39_server_char_conv'></field>
  <field name='z58_z39_server_char_conv'></field>
  <field name='z58_z39_server_char_conv'></field>
  <field name='z58_z39_server_char_conv'></field>
  <field name='z58_z39_server_char_conv'></field>
  <field name='z58_sfx_name'></field>
  <field name='z58_sfx_param'></field>
  <field name='z58_sfx_950'>
    <field name='z58_sfx_950_source_tag'></field>
    <field name='z58_sfx_950_source_value'></field>
    <field name='z58_sfx_950_field'>year</field>
    <field name='z58_sfx_950_tag'>YR</field>
    <field name='z58_sfx_950_program'></field>
    <field name='z58_sfx_950_param'>a,b</field>
  </field>
  <field name='z58_sfx_950'>
    <field name='z58_sfx_950_source_tag'></field>
    <field name='z58_sfx_950_source_value'></field>
    <field name='z58_sfx_950_field'>issn</field>
    <field name='z58_sfx_950_tag'>022##</field>
    <field name='z58_sfx_950_program'></field>
    <field name='z58_sfx_950_param'>a</field>
  </field>
  <field name='z58_sfx_950'>
    <field name='z58_sfx_950_source_tag'></field>
    <field name='z58_sfx_950_source_value'></field>
    <field name='z58_sfx_950_field'>title</field>
    <field name='z58_sfx_950_tag'>TTL</field>
    <field name='z58_sfx_950_program'></field>
    <field name='z58_sfx_950_param'>a</field>
  </field>
  <field name='z58_sfx_950'>
    <field name='z58_sfx_950_source_tag'></field>
    <field name='z58_sfx_950_source_value'></field>
    <field name='z58_sfx_950_field'>authorf</field>
    <field name='z58_sfx_950_tag'>100##</field>
    <field name='z58_sfx_950_program'>vir_950_au_lstfir</field>
    <field name='z58_sfx_950_param'>Pa</field>
  </field>
  <field name='z58_sfx_950'>
    <field name='z58_sfx_950_source_tag'></field>
    <field name='z58_sfx_950_source_value'></field>
    <field name='z58_sfx_950_field'>authorl</field>
    <field name='z58_sfx_950_tag'>100##</field>
    <field name='z58_sfx_950_program'>vir_950_au_lstfir</field>
    <field name='z58_sfx_950_param'>Pa</field>
  </field>
  <field name='z58_sfx_950'>
    <field name='z58_sfx_950_source_tag'></field>
    <field name='z58_sfx_950_source_value'></field>
    <field name='z58_sfx_950_field'>authorf</field>
    <field name='z58_sfx_950_tag'>700##</field>
    <field name='z58_sfx_950_program'>vir_950_au_lstfir</field>
    <field name='z58_sfx_950_param'>Pa</field>
  </field>
  <field name='z58_sfx_950'>
    <field name='z58_sfx_950_source_tag'></field>
    <field name='z58_sfx_950_source_value'></field>
    <field name='z58_sfx_950_field'>authorl</field>
    <field name='z58_sfx_950_tag'>700##</field>
    <field name='z58_sfx_950_program'>vir_950_au_lstfir</field>
    <field name='z58_sfx_950_param'>Pa</field>
  </field>
  <field name='z58_sfx_950'>
    <field name='z58_sfx_950_source_tag'></field>
    <field name='z58_sfx_950_source_value'></field>
    <field name='z58_sfx_950_field'>subject</field>
    <field name='z58_sfx_950_tag'>65###</field>
    <field name='z58_sfx_950_program'></field>
    <field name='z58_sfx_950_param'>a</field>
  </field>
  <field name='z58_sfx_950'>
    <field name='z58_sfx_950_source_tag'></field>
    <field name='z58_sfx_950_source_value'></field>
    <field name='z58_sfx_950_field'>isbn</field>
    <field name='z58_sfx_950_tag'>020##</field>
    <field name='z58_sfx_950_program'>vir_950_parser</field>
    <field name='z58_sfx_950_param'>Pa\S\G(</field>
  </field>
  <field name='z58_sfx_950'>
    <field name='z58_sfx_950_source_tag'></field>
    <field name='z58_sfx_950_source_value'></field>
    <field name='z58_sfx_950_field'>isbn</field>
    <field name='z58_sfx_950_tag'>020##</field>
    <field name='z58_sfx_950_program'></field>
    <field name='z58_sfx_950_param'>a</field>
  </field>
  <field name='z58_open_date'>20010101</field>
  <field name='z58_update_date'>20130102</field>
  <field name='z58_cataloger'>CKB</field>
  <field name='z58_source'>CKB</field>
  <field name='z58_status'></field>
  <field name='z58_sdi_flag'></field>
  <field name='z58_sdi_326_key'></field>
  <field name='z58_merge_type'></field>
  <field name='z58_up_cataloger'>exlibris</field>
  <field name='z58_update_time'>0000000000</field>
  <field name='z58_active'></field>
  <field name='z58_institute'>METALIB</field>
  <field name='z58_html_hit_pattern'></field>
  <field name='z58_zero_hit_pattern'></field>
  <field name='z58_program_name'></field>
  <field name='z58_authen_module'></field>
  <field name='z58_find_module'></field>
  <field name='z58_present_module'></field>
  <field name='z58_external_format'></field>
  <field name='z58_version'></field>
  <field name='z58_buf_url'>
  </field>
</z58>

<z39 filename='/exlibris/metalib/m4_1/dat01/z39_gate/z39_gate_LOC.conf'>
  <confline>target LOC</confline>
  <confline>recordtype USMARC</confline>
  <confline>find WTI u=4 t=l,r,b s=pw c=1</confline>
  <confline>find WAU u=1 t=l,r,b s=pw c=1</confline>
  <confline>find WSU u=21 t=l,r,b s=pw c=1</confline>
  <confline>find WYR u=31 r=o</confline>
  <confline>find WRD u=1016 t=l,r,b s=pw c=1</confline>
  <confline>find ISSN u=8</confline>
  <confline>find ISBN u=7</confline>
</z39>

<category>
<main>Tverrfagleg</main>
<sub>Bibliotekkatalogar</sub>
<main>Bibliotekinternt</main>
<sub>Bibliotekkataloger</sub>
<main>Bibliotekinternt</main>
<sub>Fjernlån - internasj.</sub>
</category>
</knowledge_unit>
    
    <knowledge_unit>
<record>
  <controlfield tag="001">UNI01300</controlfield>
  <datafield tag="245" ind1="1" ind2=" ">
    <subfield code="a">PubMed (Medline)</subfield>
  </datafield>
  <datafield tag="246" ind1="1" ind2=" ">
    <subfield code="a">Medline</subfield>
  </datafield>
  <datafield tag="210" ind1=" " ind2=" ">
    <subfield code="a">PubMed (Medline)</subfield>
  </datafield>
  <datafield tag="520" ind1=" " ind2=" ">
    <subfield code="a">Referansar til forskningsartiklar innan medisin, tannmedisin og helsefag. Lenker til fulltekst, kan krevje abonnement. @@U http://www.ub.uib.no/felles/Brosjyrer/Pubmed.pdf@@DUBs brosjyre@@E## ##PubMed is a bibliographic database covering medicine, dentistry, and health sciences. Links to fulltext, may require a subscription. More info, see &quot;Lenke til hjelpeside&quot;</subfield>
  </datafield>
  <datafield tag="594" ind1=" " ind2=" ">
    <subfield code="a">FREE</subfield>
  </datafield>
  <datafield tag="595" ind1=" " ind2=" ">
    <subfield code="a">Author names are entered in the database in different formats. Therefore, searches on authors are done on the Last name and First initial only: Last, F?</subfield>
  </datafield>
  <datafield tag="591" ind1=" " ind2=" ">
    <subfield code="a">rkl, 18.1.2005; 29.3.2006 lagt tilbake:http://www.ncbi.nlm.nih.gov/entrez/query.fcgi?otool=inoublib##rkl 26.6.2014 endret til ##http://www.ncbi.nlm.nih.gov/pubmed?otool=inoublib</subfield>
  </datafield>
  <datafield tag="590" ind1=" " ind2=" ">
    <subfield code="a">Subject headings MeSH: Ubs brosjyre om MeSH</subfield>
  </datafield>
  <datafield tag="590" ind1=" " ind2=" ">
    <subfield code="a">Subject headings MeSH: NLMs user guide</subfield>
  </datafield>
  <datafield tag="110" ind1="2" ind2=" ">
    <subfield code="a">United States National Library of Medicine (NLM)</subfield>
  </datafield>
  <datafield tag="260" ind1=" " ind2=" ">
    <subfield code="b">United States National Library of Medicine (NLM)</subfield>
  </datafield>
  <datafield tag="TAR" ind1=" " ind2=" ">
    <subfield code="a">PUBMED</subfield>
    <subfield code="f">N</subfield>
  </datafield>
  <datafield tag="ZHS" ind1=" " ind2=" ">
    <subfield code="a">http://eutils.ncbi.nlm.nih.gov/entrez/eutils/esearch.fcgi?</subfield>
  </datafield>
  <datafield tag="ZDC" ind1=" " ind2=" ">
    <subfield code="a">pubmed</subfield>
  </datafield>
  <datafield tag="PXY" ind1=" " ind2=" ">
    <subfield code="a">N</subfield>
  </datafield>
  <datafield tag="AF1" ind1=" " ind2=" ">
    <subfield code="a">BERGEN</subfield>
  </datafield>
  <datafield tag="AF3" ind1=" " ind2=" ">
    <subfield code="a">GUEST</subfield>
  </datafield>
  <datafield tag="STA" ind1=" " ind2=" ">
    <subfield code="a">ACTIVE</subfield>
  </datafield>
  <controlfield tag="CKB">CKB00158</controlfield>
  <datafield tag="RNK" ind1=" " ind2=" ">
    <subfield code="a">3</subfield>
  </datafield>
  <datafield tag="LCL" ind1="1" ind2=" ">
    <subfield code="a">medisin odontologi tannmedisin helsefag molekylærbiologi biologi sykepleie fysioterapi</subfield>
  </datafield>
  <datafield tag="LCL" ind1="2" ind2=" ">
    <subfield code="a">medicine dentistry health sciences molecular biology##nursing physiotherapy physical therapy</subfield>
  </datafield>
  <datafield tag="CJK" ind1=" " ind2=" ">
    <subfield code="a">lat</subfield>
  </datafield>
  <controlfield tag="FMT">DD</controlfield>
  <datafield tag="ATG" ind1=" " ind2=" ">
    <subfield code="a">FREE</subfield>
  </datafield>
  <datafield tag="856" ind1="4" ind2="2">
    <subfield code="u">http://www.nlm.nih.gov/</subfield>
  </datafield>
  <datafield tag="655" ind1=" " ind2=" ">
    <subfield code="a">Index</subfield>
  </datafield>
  <datafield tag="856" ind1="4" ind2="1">
    <subfield code="u">http://www.ncbi.nlm.nih.gov/pubmed?otool=inoublib</subfield>
  </datafield>
  <datafield tag="856" ind1="4" ind2="3">
    <subfield code="u">http://www.ncbi.nlm.nih.gov/entrez/query.fcgi?cmd=Retrieve&amp;db=PubMed&amp;list_uids=$035_a&amp;dopt=Abstract</subfield>
  </datafield>
  <datafield tag="CAT" ind1=" " ind2=" ">
    <subfield code="c">20041017</subfield>
    <subfield code="l">DAT01</subfield>
    <subfield code="h">1522</subfield>
  </datafield>
  <datafield tag="856" ind1="4" ind2="9">
    <subfield code="u">http://www.ub.uib.no/felles/brosjyrer/pubmed-eng.pdf</subfield>
  </datafield>
  <datafield tag="653" ind1=" " ind2=" ">
    <subfield code="a">sjukepleie sykepleie nursing</subfield>
  </datafield>
  <datafield tag="653" ind1=" " ind2=" ">
    <subfield code="a">tannmedisin odontologi odontology</subfield>
  </datafield>
  <datafield tag="653" ind1=" " ind2=" ">
    <subfield code="a">veterinærmedisin vetrinary medicine</subfield>
  </datafield>
  <datafield tag="653" ind1=" " ind2=" ">
    <subfield code="a">cellebiologi cell biology</subfield>
  </datafield>
  <datafield tag="653" ind1=" " ind2=" ">
    <subfield code="a">molekylærbiologi molecular biology</subfield>
  </datafield>
  <datafield tag="653" ind1=" " ind2=" ">
    <subfield code="a">fysiologi physiology</subfield>
  </datafield>
  <datafield tag="653" ind1=" " ind2=" ">
    <subfield code="a">biokjemi biochemistry</subfield>
  </datafield>
  <datafield tag="CAT" ind1=" " ind2=" ">
    <subfield code="a">bergen</subfield>
    <subfield code="b">00</subfield>
    <subfield code="c">20160902</subfield>
    <subfield code="l">DAT01</subfield>
    <subfield code="h">1618</subfield>
  </datafield>
  <datafield tag="CAT" ind1=" " ind2=" ">
    <subfield code="a">bergen</subfield>
    <subfield code="b">00</subfield>
    <subfield code="c">20160902</subfield>
    <subfield code="l">DAT01</subfield>
    <subfield code="h">1618</subfield>
  </datafield>
  <datafield tag="CAT" ind1=" " ind2=" ">
    <subfield code="a">bergen</subfield>
    <subfield code="b">00</subfield>
    <subfield code="c">20160902</subfield>
    <subfield code="l">DAT01</subfield>
    <subfield code="h">1618</subfield>
  </datafield>
</record>