

<z58 base='PUBMED'>
  <field name='z58_base'>PUBMED</field>
  <field name='z58_access_method'>EXTERNAL</field>
  <field name='z58_in_record_type'>USMARC</field>
  <field name='z58_in_record_create'>vir_z00_z39_usmarc</field>
  <field name='z58_in_record_create_param'></field>
  <field name='z58_in_record_char_conv'></field>
  <field name='z58_in_direct_key'></field>
  <field name='z58_in_direct_key_param'></field>
  <field name='z58_in_scan_fix'></field>
  <field name='z58_configuration_type'>Full Record</field>
  <field name='z58_in_scan_char_conv'></field>
  <field name='z58_out_find_char_conv'></field>
  <field name='z58_out_scan_char_conv'></field>
  <field name='z58_sort'></field>
  <field name='z58_scan'>N</field>
  <field name='z58_tab01'>
    <field name='z58_tab01_type'></field>
    <field name='z58_tab01_code'>WTI</field>
    <field name='z58_tab01_code_target'>WTI</field>
    <field name='z58_tab01_filing'>8P10P_29Ps/\?/*/gP</field>
    <field name='z58_tab01_sub_code'></field>
  </field>
  <field name='z58_tab01'>
    <field name='z58_tab01_type'></field>
    <field name='z58_tab01_code'>WAU</field>
    <field name='z58_tab01_code_target'>WAU</field>
    <field name='z58_tab01_filing'></field>
    <field name='z58_tab01_sub_code'></field>
  </field>
  <field name='z58_tab01'>
    <field name='z58_tab01_type'></field>
    <field name='z58_tab01_code'>WSU</field>
    <field name='z58_tab01_code_target'>WSU</field>
    <field name='z58_tab01_filing'>29Ps/\?/*/gP</field>
    <field name='z58_tab01_sub_code'></field>
  </field>
  <field name='z58_tab01'>
    <field name='z58_tab01_type'></field>
    <field name='z58_tab01_code'>WYR</field>
    <field name='z58_tab01_code_target'>WYR</field>
    <field name='z58_tab01_filing'></field>
    <field name='z58_tab01_sub_code'></field>
  </field>
  <field name='z58_tab01'>
    <field name='z58_tab01_type'></field>
    <field name='z58_tab01_code'>WRD</field>
    <field name='z58_tab01_code_target'>WRD</field>
    <field name='z58_tab01_filing'>29Ps/\?/*/gP</field>
    <field name='z58_tab01_sub_code'></field>
  </field>
  <field name='z58_tab01'>
    <field name='z58_tab01_type'></field>
    <field name='z58_tab01_code'>ISSN</field>
    <field name='z58_tab01_code_target'>ISSN</field>
    <field name='z58_tab01_filing'></field>
    <field name='z58_tab01_sub_code'></field>
  </field>
  <field name='z58_tab01'>
    <field name='z58_tab01_type'></field>
    <field name='z58_tab01_code'>ISBN</field>
    <field name='z58_tab01_code_target'>WRD</field>
    <field name='z58_tab01_filing'></field>
    <field name='z58_tab01_sub_code'></field>
  </field>
  <field name='z58_tab01'>
    <field name='z58_tab01_type'></field>
    <field name='z58_tab01_code'>24###</field>
    <field name='z58_tab01_code_target'></field>
    <field name='z58_tab01_filing'></field>
    <field name='z58_tab01_sub_code'></field>
  </field>
  <field name='z58_tab01'>
    <field name='z58_tab01_type'></field>
    <field name='z58_tab01_code'>1####</field>
    <field name='z58_tab01_code_target'>WAU</field>
    <field name='z58_tab01_filing'>1</field>
    <field name='z58_tab01_sub_code'>a</field>
  </field>
  <field name='z58_tab01'>
    <field name='z58_tab01_type'></field>
    <field name='z58_tab01_code'>6####</field>
    <field name='z58_tab01_code_target'>WSU</field>
    <field name='z58_tab01_filing'>1</field>
    <field name='z58_tab01_sub_code'></field>
  </field>
  <field name='z58_tab01'>
    <field name='z58_tab01_type'></field>
    <field name='z58_tab01_code'>7####</field>
    <field name='z58_tab01_code_target'>WAU</field>
    <field name='z58_tab01_filing'>1</field>
    <field name='z58_tab01_sub_code'>a</field>
  </field>
  <field name='z58_record_conv_name'>vir_fix_doc_entrez</field>
  <field name='z58_record_conv_param'></field>
  <field name='z58_tab_conv'>
    <field name='z58_tab_conv_in_tag'>DOI</field>
    <field name='z58_tab_conv_in_sub_field'>a</field>
    <field name='z58_tab_conv_program'>vir_fix_doc_reg_exp</field>
    <field name='z58_tab_conv_param'>024,a,Pas/(.*)/DOI:$1/</field>
    <field name='z58_tab_conv_action'>ADDNEW</field>
    <field name='z58_tab_conv_condition'></field>
  </field>
  <field name='z58_tab_conv'>
    <field name='z58_tab_conv_in_tag'>035##</field>
    <field name='z58_tab_conv_in_sub_field'>a</field>
    <field name='z58_tab_conv_program'>vir_fix_doc_reg_exp</field>
    <field name='z58_tab_conv_param'>024,a,Pas/(.*)/PMID:$1/</field>
    <field name='z58_tab_conv_action'>ADDNEW</field>
    <field name='z58_tab_conv_condition'></field>
  </field>
  <field name='z58_tab_conv'>
    <field name='z58_tab_conv_in_tag'>773##</field>
    <field name='z58_tab_conv_in_sub_field'>a</field>
    <field name='z58_tab_conv_program'>vir_fix_doc_reg_exp</field>
    <field name='z58_tab_conv_param'>YR,a,P/Date:\s(\d{4})/</field>
    <field name='z58_tab_conv_action'>ADDNEW</field>
    <field name='z58_tab_conv_condition'>NOTEXIST YR</field>
  </field>
  <field name='z58_tab_conv'>
    <field name='z58_tab_conv_in_tag'>733##</field>
    <field name='z58_tab_conv_in_sub_field'>a</field>
    <field name='z58_tab_conv_program'>vir_fix_doc_parser</field>
    <field name='z58_tab_conv_param'>773,t,Pa\S\G.</field>
    <field name='z58_tab_conv_action'>ADDNEW</field>
    <field name='z58_tab_conv_condition'></field>
  </field>
  <field name='z58_tab_conv'>
    <field name='z58_tab_conv_in_tag'>733##</field>
    <field name='z58_tab_conv_in_sub_field'>a</field>
    <field name='z58_tab_conv_program'>vir_fix_doc_reg_exp</field>
    <field name='z58_tab_conv_param'>773,g,Pa/\.(.*)/</field>
    <field name='z58_tab_conv_action'>ADDNEW</field>
    <field name='z58_tab_conv_condition'></field>
  </field>
  <field name='z58_metalib_info'></field>
  <field name='z58_metalib_select'></field>
  <field name='z58_metalib_connect'></field>
  <field name='z58_metalib_note'></field>
  <field name='z58_locate'></field>
  <field name='z58_holding_method'></field>
  <field name='z58_z39_server_rec_fix'></field>
  <field name='z58_z39_server_rec_fix'></field>
  <field name='z58_z39_server_rec_fix'></field>
  <field name='z58_z39_server_rec_fix'></field>
  <field name='z58_z39_server_rec_fix'></field>
  <field name='z58_z39_server_rec_type'></field>
  <field name='z58_z39_server_rec_type'></field>
  <field name='z58_z39_server_rec_type'></field>
  <field name='z58_z39_server_rec_type'></field>
  <field name='z58_z39_server_rec_type'></field>
  <field name='z58_z39_server_char_conv'></field>
  <field name='z58_z39_server_char_conv'></field>
  <field name='z58_z39_server_char_conv'></field>
  <field name='z58_z39_server_char_conv'></field>
  <field name='z58_z39_server_char_conv'></field>
  <field name='z58_sfx_name'></field>
  <field name='z58_sfx_param'></field>
  <field name='z58_sfx_950'>
    <field name='z58_sfx_950_source_tag'></field>
    <field name='z58_sfx_950_source_value'></field>
    <field name='z58_sfx_950_field'>year</field>
    <field name='z58_sfx_950_tag'>YR</field>
    <field name='z58_sfx_950_program'></field>
    <field name='z58_sfx_950_param'>a</field>
  </field>
  <field name='z58_sfx_950'>
    <field name='z58_sfx_950_source_tag'></field>
    <field name='z58_sfx_950_source_value'></field>
    <field name='z58_sfx_950_field'>issn</field>
    <field name='z58_sfx_950_tag'>022##</field>
    <field name='z58_sfx_950_program'></field>
    <field name='z58_sfx_950_param'>a</field>
  </field>
  <field name='z58_sfx_950'>
    <field name='z58_sfx_950_source_tag'></field>
    <field name='z58_sfx_950_source_value'></field>
    <field name='z58_sfx_950_field'>authorf</field>
    <field name='z58_sfx_950_tag'>100##</field>
    <field name='z58_sfx_950_program'>vir_950_au_lstfir</field>
    <field name='z58_sfx_950_param'>Pa</field>
  </field>
  <field name='z58_sfx_950'>
    <field name='z58_sfx_950_source_tag'></field>
    <field name='z58_sfx_950_source_value'></field>
    <field name='z58_sfx_950_field'>authorl</field>
    <field name='z58_sfx_950_tag'>100##</field>
    <field name='z58_sfx_950_program'>vir_950_au_lstfir</field>
    <field name='z58_sfx_950_param'>Pa</field>
  </field>
  <field name='z58_sfx_950'>
    <field name='z58_sfx_950_source_tag'></field>
    <field name='z58_sfx_950_source_value'></field>
    <field name='z58_sfx_950_field'>title</field>
    <field name='z58_sfx_950_tag'>773##</field>
    <field name='z58_sfx_950_program'></field>
    <field name='z58_sfx_950_param'>t</field>
  </field>
  <field name='z58_sfx_950'>
    <field name='z58_sfx_950_source_tag'></field>
    <field name='z58_sfx_950_source_value'></field>
    <field name='z58_sfx_950_field'>atitle</field>
    <field name='z58_sfx_950_tag'>245##</field>
    <field name='z58_sfx_950_program'></field>
    <field name='z58_sfx_950_param'>a</field>
  </field>
  <field name='z58_sfx_950'>
    <field name='z58_sfx_950_source_tag'></field>
    <field name='z58_sfx_950_source_value'></field>
    <field name='z58_sfx_950_field'>volume</field>
    <field name='z58_sfx_950_tag'>773##</field>
    <field name='z58_sfx_950_program'>vir_950_parser</field>
    <field name='z58_sfx_950_param'>Pg\SVolume:\G,</field>
  </field>
  <field name='z58_sfx_950'>
    <field name='z58_sfx_950_source_tag'></field>
    <field name='z58_sfx_950_source_value'></field>
    <field name='z58_sfx_950_field'>issue</field>
    <field name='z58_sfx_950_tag'>773##</field>
    <field name='z58_sfx_950_program'>vir_950_parser</field>
    <field name='z58_sfx_950_param'>Pg\SIssue:\G,</field>
  </field>
  <field name='z58_sfx_950'>
    <field name='z58_sfx_950_source_tag'></field>
    <field name='z58_sfx_950_source_value'></field>
    <field name='z58_sfx_950_field'>spage</field>
    <field name='z58_sfx_950_tag'>773##</field>
    <field name='z58_sfx_950_program'>vir_950_parser</field>
    <field name='z58_sfx_950_param'>Pg\SPages:\G</field>
  </field>
  <field name='z58_sfx_950'>
    <field name='z58_sfx_950_source_tag'></field>
    <field name='z58_sfx_950_source_value'></field>
    <field name='z58_sfx_950_field'>doi</field>
    <field name='z58_sfx_950_tag'>DOI</field>
    <field name='z58_sfx_950_program'></field>
    <field name='z58_sfx_950_param'>a</field>
  </field>
  <field name='z58_sfx_950'>
    <field name='z58_sfx_950_source_tag'></field>
    <field name='z58_sfx_950_source_value'></field>
    <field name='z58_sfx_950_field'>subject</field>
    <field name='z58_sfx_950_tag'>65###</field>
    <field name='z58_sfx_950_program'></field>
    <field name='z58_sfx_950_param'>a</field>
  </field>
  <field name='z58_sfx_950'>
    <field name='z58_sfx_950_source_tag'></field>
    <field name='z58_sfx_950_source_value'></field>
    <field name='z58_sfx_950_field'>epage</field>
    <field name='z58_sfx_950_tag'>773##</field>
    <field name='z58_sfx_950_program'>vir_950_reg_exp</field>
    <field name='z58_sfx_950_param'>Pg/Pages.+\d+-(\d+)/</field>
  </field>
  <field name='z58_sfx_950'>
    <field name='z58_sfx_950_source_tag'></field>
    <field name='z58_sfx_950_source_value'></field>
    <field name='z58_sfx_950_field'>sici</field>
    <field name='z58_sfx_950_tag'>035##</field>
    <field name='z58_sfx_950_program'></field>
    <field name='z58_sfx_950_param'>a</field>
  </field>
  <field name='z58_open_date'>20031202</field>
  <field name='z58_update_date'>20140528</field>
  <field name='z58_cataloger'>chrisr</field>
  <field name='z58_source'>CKB</field>
  <field name='z58_status'></field>
  <field name='z58_sdi_flag'></field>
  <field name='z58_sdi_326_key'>        00</field>
  <field name='z58_merge_type'></field>
  <field name='z58_up_cataloger'>exlibris</field>
  <field name='z58_update_time'>0000000000</field>
  <field name='z58_active'></field>
  <field name='z58_institute'>METALIB</field>
  <field name='z58_html_hit_pattern'></field>
  <field name='z58_zero_hit_pattern'></field>
  <field name='z58_program_name'>hc_u_pubmed.pm</field>
  <field name='z58_authen_module'></field>
  <field name='z58_find_module'>ext_pubmed_find</field>
  <field name='z58_present_module'>ext_pubmed_present</field>
  <field name='z58_external_format'>URL</field>
  <field name='z58_version'></field>
  <field name='z58_buf_url'>
  </field>
</z58>

<program_name>
<line>use strict;</line>
<line>package hc_u_pubmed;</line>
<line>use base (&quot;hc_url&quot;);</line>
<line>use URI::Escape;</line>
<line></line>
<line>require &quot;call_httpd_LWP.ML&quot;;</line>
<line>require &quot;call_httpd_timeout_new&quot;;</line>
<line></line>
<line>my $port       = 80;</line>
<line>my $protocol   = &quot; HTTP/1.0\n\n&quot;;</line>
<line>my $go_on = 1;</line>
<line>my $out_command='',</line>
<line>my $db='';</line>
<line>my $find_request_fix='';</line>
<line>my ($set_number, $set_entry,$find_request);</line>
<line>my $no_records = 0;</line>
<line>my $go_on = 1;</line>
<line>my $max_record = 10;</line>
<line>my $set_entry=1;</line>
<line></line>
<line>sub createFindRequest {</line>
<line>    my $self = shift;</line>
<line>    $self-&gt;{Find}-&gt;{hitPattern} =  '&lt;Count&gt;(\d+)&lt;/Count&gt;';</line>
<line>    my ($errorcode, $command) = $self-&gt;constructQuery();</line>
<line>    my $requestParams = $self-&gt;{RequestParams};</line>
<line>    my $host = $self-&gt;{Find}-&gt;{hostName};</line>
<line>    my $cgi = $self-&gt;{Find}-&gt;{cgiName};</line>
<line>    my $db = $self-&gt;{db};</line>
<line>    $requestParams-&gt;{url} = $host.$cgi.'db='.$db.'&amp;usehistory=y&amp;term='.$command; #ncbi_term'.$command;</line>
<line>    $requestParams-&gt;{cgiMethod} = 'GET';</line>
<line>    $self-&gt;{RequestParams} = $requestParams;</line>
<line>    $self-&gt;{MLQuery} = $host.$cgi.'db='.$db.'&amp;term='.$command; #&amp;ncbi_term='.$command;</line>
<line>    ;</line>
<line>    return (0,&quot;&quot;);</line>
<line>}</line>
<line></line>
<line>sub parseFindResults {</line>
<line>    my $self = shift;</line>
<line>    my $response = $self-&gt;{response};</line>
<line>    my ($key, $env);</line>
<line>    if ($response =~ /&lt;WebEnv&gt;(.*?)&lt;\/WebEnv&gt;/){</line>
<line>        $self-&gt;{CookieJar}-&gt;{webEnv} = $1;</line>
<line>        $env = $1;</line>
<line>    }</line>
<line>    if ($response =~ /&lt;QueryKey&gt;(.*?)&lt;\/QueryKey&gt;/){</line>
<line>        $self-&gt;{CookieJar}-&gt;{queryKey} = $1;</line>
<line>        $key = $1;</line>
<line>    }</line>
<line>    $self-&gt;{MLQuery} .= &quot;&amp;query_key=$key&amp;WebEnv=$env&amp;&quot;;</line>
<line>    return $self-&gt;SUPER::parseFindResults;</line>
<line>}</line>
<line></line>
<line></line>
<line>sub createPresentRequest {</line>
<line>    my $self = shift;</line>
<line>    my $requestParams = $self-&gt;{RequestParams};</line>
<line>    my $set_entry = $self-&gt;{setEntry}-1;</line>
<line>    my $max_record = $self-&gt;{maxRecord};</line>
<line>    #$requestParams-&gt;{url} = $self-&gt;{MLQuery}.'dispstart='.$set_entry.'&amp;dispmax='.$max_record.'&amp;mode=xml&amp;rettype=full';</line>
<line>    $requestParams-&gt;{url} = $self-&gt;{MLQuery}.'retstart='.$set_entry.'&amp;retmax='.$max_record.'&amp;mode=xml&amp;rettype=full';</line>
<line>    $requestParams-&gt;{url} =~ s/esearch/efetch/;</line>
<line>    $requestParams-&gt;{cgiMethod} = 'GET';</line>
<line>    $self-&gt;{RequestParams} = $requestParams;</line>
<line>    return (0,&quot;&quot;);</line>
<line>}</line>
<line></line>
<line></line>
<line>#################################################################</line>
<line>sub parsePresentResults {</line>
<line>    my ($self) = shift;</line>
<line>    my $response = $self-&gt;{response};</line>
<line>    $response =~ s/\n//g;</line>
<line>    $response =~ s/\r//g;</line>
<line>    $response =~ s/\t//g;</line>
<line>    my (@present);</line>
<line></line>
<line>    while ($response =~ /&lt;PubmedArticle.*?&gt;(.*?)&lt;\/PubmedArticle&gt;/){</line>
<line>        $response = $';</line>
<line>        my $result_line = $1;</line>
<line>        my $docx=[];</line>
<line></line>
<line>        if ($result_line =~ /&lt;PMID.*?&gt;(.*?)&lt;\/PMID&gt;/){</line>
<line>            $result_line = $`.$';</line>
<line>            push (@$docx, &quot;035 \$\$a$1&quot;);</line>
<line>        }</line>
<line>        my($year,$month,$day,$vol,$issue,$pages,$ta);</line>
<line>        if ($result_line =~ /&lt;PubDate.*?&gt;(.*?)&lt;\/PubDate&gt;/){</line>
<line>            $result_line = $`.$';</line>
<line>            my $date = $1;</line>
<line>            ($year)  = $date =~ /&lt;Year.*?&gt;(.*?)&lt;\/Year&gt;/;</line>
<line>            ($year) = $date =~ /&lt;MedlineDate&gt;(\d{4}).*?&lt;\/MedlineDate&gt;/ if !$year;</line>
<line>            ($month) = $date =~ /&lt;Month.*?&gt;(.*?)&lt;\/Month&gt;/;</line>
<line>            ($day)   = $date =~ /&lt;Day.*?&gt;(.*?)&lt;\/Day&gt;/;</line>
<line>            push (@$docx, &quot;YR \$\$a$year&quot;);</line>
<line>        }</line>
<line>        if ($result_line =~ /&lt;ArticleTitle.*?&gt;(.*?)&lt;\/ArticleTitle&gt;/){</line>
<line>            $result_line = $`.$';</line>
<line>            push (@$docx, &quot;245 \$\$a$1&quot;);</line>
<line>        }</line>
<line>        if ($result_line =~ /&lt;Volume.*?&gt;(.*?)&lt;\/Volume&gt;/){</line>
<line>            $result_line = $`.$';</line>
<line>            $vol = $1;</line>
<line>            push (@$docx, &quot;VOL \$\$a$1&quot;);</line>
<line>        }</line>
<line>        if ($result_line =~ /&lt;Issue.*?&gt;(.*?)&lt;\/Issue&gt;/){</line>
<line>            $result_line = $`.$';</line>
<line>            $issue = $1;</line>
<line>            push (@$docx, &quot;ISSU \$\$a$1&quot;);</line>
<line>        }</line>
<line>        if ($result_line =~ /&lt;MedlinePgn.*?&gt;(.*?)&lt;\/MedlinePgn&gt;/){</line>
<line>            $result_line = $`.$';</line>
<line>            $pages = $1;</line>
<line>            push (@$docx, &quot;PAGES \$\$a$1&quot;);</line>
<line>        }</line>
<line>        if ($result_line =~ /&lt;ISSN.*?&gt;(.*?)&lt;\/ISSN&gt;/){</line>
<line>            $result_line = $`.$';</line>
<line>            push (@$docx, &quot;022 \$\$a$1&quot;);</line>
<line>        }</line>
<line>        if ($result_line =~ /&lt;ArticleIdList.*?&gt;(.*?)&lt;\/ArticleIdList&gt;/){</line>
<line>            $result_line = $`.$';</line>
<line>            my $list = $1;</line>
<line>            while($list =~ /&lt;ArticleId(.*?)&gt;(.*?)&lt;\/ArticleId&gt;/){</line>
<line>                $list = $';</line>
<line>                my $num = $2;</line>
<line>                push (@$docx, &quot;024 \$\$a$2&quot;);</line>
<line>                my $temp = $1;</line>
<line>                my ($type) = $temp =~ /IdType=&quot;(.*?)&quot;/;</line>
<line>                push (@$docx, &quot;DOI \$\$a$num&quot;) if $type eq 'doi';</line>
<line>                push (@$docx, &quot;PII \$\$a$num&quot;) if $type eq 'pii';</line>
<line>            }</line>
<line>        }</line>
<line>        if ($result_line =~ /&lt;PublicationStatus.*?&gt;(.*?)&lt;\/PublicationStatus/){</line>
<line>            $result_line = $`.$';</line>
<line>            push (@$docx, &quot;500 \$\$a$1&quot;);</line>
<line>        }</line>
<line>        if ($result_line =~ /&lt;Affiliation.*?&gt;(.*?)&lt;\/Affiliation&gt;/){</line>
<line>            $result_line = $`.$';</line>
<line>            push (@$docx, &quot;270 \$\$a$1&quot;);</line>
<line>        }</line>
<line>        if ($result_line =~ /&lt;Language.*?&gt;(.*?)&lt;\/Language&gt;/){</line>
<line>            $result_line = $`.$';</line>
<line>            push (@$docx, &quot;546 \$\$a$1&quot;);</line>
<line>        }</line>
<line>        if ($result_line =~ /&lt;PublicationTypeList.*?&gt;(.*?)&lt;\/PublicationTypeList&gt;/){</line>
<line>            $result_line = $`.$';</line>
<line>            my $list = $1;</line>
<line>            while($list =~ /&lt;PublicationType.*?&gt;(.*)&lt;\/PublicationType&gt;/){</line>
<line>                $list = $';</line>
<line>                push (@$docx, &quot;513 \$\$a$1&quot;);</line>
<line>            }</line>
<line>        }</line>
<line>        if ($result_line =~ /&lt;MedlineTA.*?&gt;(.*?)&lt;\/MedlineTA&gt;/){</line>
<line>            $result_line = $`.$';</line>
<line>            $ta = $1;</line>
<line>            push (@$docx, &quot;JT \$\$a$1&quot;);</line>
<line>        }</line>
<line>        if ($result_line =~ /&lt;AbstractText.*?&gt;(.*?)&lt;\/AbstractText&gt;/){</line>
<line>            $result_line = $`.$';</line>
<line>            push (@$docx, &quot;520 \$\$a$1&quot;);</line>
<line>        }</line>
<line>        if ($result_line =~ /&lt;MeshHeadingList.*?&gt;(.*?)&lt;\/MeshHeadingList&gt;/){</line>
<line>            $result_line = $`.$';</line>
<line>            my $list = $1;</line>
<line>            while($list =~ /&lt;MeshHeading.*?&gt;(.*?)&lt;\/MeshHeading&gt;/){</line>
<line>                $list = $';</line>
<line>                push (@$docx, &quot;650 \$\$a$1&quot;);</line>
<line>            }</line>
<line>        }</line>
<line>        my($author,$first,$middle,$last);</line>
<line>        if ($result_line =~ /&lt;AuthorList.*?&gt;(.*?)&lt;\/AuthorList&gt;/){</line>
<line>            $result_line = $`.$';</line>
<line>            my $list = $1;</line>
<line>            my $prime = 1;</line>
<line>            while($list =~ /&lt;Author.*?&gt;(.*?)&lt;\/Author&gt;/){</line>
<line>                $list = $';</line>
<line>                $author = $1;</line>
<line>                ($last)  = $author =~ /&lt;LastName.*?&gt;(.*?)&lt;\/LastName&gt;/ ;</line>
<line>                ($middle)= $author =~ /&lt;MiddleName&gt;(.*?)&lt;\/MiddleName&gt;/ ;</line>
<line>                ($first) = $author =~ /&lt;ForeName.*?&gt;(.*?)&lt;\/ForeName&gt;/ ;</line>
<line>                ($first) = $author =~ /&lt;FirstName.*?&gt;(.*?)&lt;\/FirstName&gt;/ if not $first ;</line>
<line>                my $full_name = $last;</line>
<line>                $full_name .= ', ' if $first;</line>
<line>                $full_name .= $first if $first;</line>
<line>                $full_name .= ' ' if $middle;</line>
<line>                $full_name .= $middle if $middle;</line>
<line></line>
<line>                if($prime){</line>
<line>                    push (@$docx, &quot;100 \$\$a$full_name&quot;);</line>
<line>                    $prime--;</line>
<line>                }</line>
<line>                else{</line>
<line>                    push (@$docx, &quot;700 \$\$a$full_name&quot;);</line>
<line>                }</line>
<line>            }</line>
<line>        }</line>
<line></line>
<line>        my $version = &quot;$ta . &quot;;</line>
<line>        $version .= &quot;Volume: $vol, &quot; if $vol;</line>
<line>        $version .= &quot;Issue: $issue, &quot; if $issue;</line>
<line>        $version .= &quot;Date: $year $month $day, &quot; if ($year || $month || $day);</line>
<line>        $version .= &quot;Pages: $pages&quot; if $pages;</line>
<line>        push (@$docx, &quot;733 \$\$a$version&quot;);</line>
<line></line>
<line>        push(@present,$docx) if (scalar @$docx);</line>
<line>    }</line>
<line>    $self-&gt;{PresentArray} = \@present;</line>
<line>    return (0,&quot;&quot;);</line>
<line>}</line>
<line></line>
<line>#########################################################################################</line>
<line>sub dis_docx</line>
<line>{</line>
<line>    my ($docx) = @_;</line>
<line>    my ($docx_line);</line>
<line></line>
<line>    foreach $docx_line (@$docx) {</line>
<line>        use bytes;</line>
<line>        print STDOUT &quot;$docx_line\n&quot;;</line>
<line>        no bytes;</line>
<line>    }</line>
<line>}</line>
<line></line>
<line>sub trim {</line>
<line>   my($string)=@_;</line>
<line>   $string =~ s/\s*//g;</line>
<line>   return $string;</line>
<line>}</line>
<line></line>
<line></line>
<line>sub constructQuery {</line>
<line>    my $self = shift;</line>
<line>    my %stopw=qw(a 1 about 1  again 1  all 1  almost 1  also 1  although 1  always 1  among 1  an 1  and 1  another 1  any 1  are 1  as 1  at 1 be 1  because 1  been 1  before 1  being 1  between 1  both 1  but 1  by 1 can 1  could 1 did 1  do 1  does 1  done 1  due 1  during 1 each 1  either 1  enough 1  especially 1  etc 1 for 1  found 1  from 1  further 1 had 1  has 1  have 1  having 1  here 1  how 1  however 1 i 1  if 1  in 1  into 1  is 1  it 1  its 1  itself 1 just 1 kg 1  km 1 made 1  mainly 1  make 1  may 1  mg 1  might 1  ml 1  mm 1  most 1  mostly 1  must 1 nearly 1  neither 1  no 1  nor 1 obtained 1  of 1  often 1  on 1  our 1  overall 1 perhaps 1  pmid 1 quite 1 rather 1  really 1  regarding 1 seem 1  seen 1  several 1  should 1  show 1  showed 1  shown 1  shows 1  significantly 1  since 1  so 1  some 1  such 1 than 1  that 1  the 1  their 1  theirs 1  them 1  then 1  there 1  therefore 1  these 1  they 1  this 1  those 1  through 1  thus 1  to 1 upon 1  use 1  used 1  using 1 various 1  very 1 was 1  we 1  were 1  what 1  when 1  which 1  while 1  with 1  within 1  without 1  would 1 );</line>
<line>    my $find_request = $self-&gt;{MLQuery};</line>
<line>    my ($fix_find_request) = &quot;&quot;;</line>
<line>    my ($code,$value,$code2,$value2,$op2,$code3,$value3,$op3);</line>
<line></line>
<line>    my $h = {   'WTI' =&gt;  '[title]',</line>
<line>                'WAU' =&gt;  '[auth]',</line>
<line>                'WSU' =&gt;  '[mh]',</line>
<line>                'ISSN' =&gt; '[jour]',</line>
<line>                'WYR' =&gt;  '[pdat]',</line>
<line>    };</line>
<line></line>
<line>    if ($find_request =~ /\s*(.*?)\s*=\s*\(\s*(.*?)\s*\)\s*(AND|OR|NOT)\s*(.*?)\s*=\s*\(\s*(.*?)\s*\)\s*(AND|OR|NOT)\s*(.*?)\s*=\s*\(\s*(.*?)\s*\)/) {</line>
<line>        if ($1 eq 'WRD') {</line>
<line>            $code = &quot;&quot;;</line>
<line>        } else {</line>
<line>            $code = $1;</line>
<line>        }</line>
<line>        $value  = normalize_term($code,$2);</line>
<line>        $op2   = $3;</line>
<line>        if ($4 eq 'WRD') {</line>
<line>            $code2 = &quot;&quot;;</line>
<line>        } else {</line>
<line>            $code2 = $h-&gt;{$4};</line>
<line>        }</line>
<line>        $value2  = normalize_term($code2,$5);</line>
<line></line>
<line>        $op3   = $6;</line>
<line>        if ($7 eq 'WRD') {</line>
<line>            $code3 = &quot;&quot;;</line>
<line>        } else {</line>
<line>            $code3 = $h-&gt;{$7};</line>
<line>        }</line>
<line>        $value3  = normalize_term($code3,$8);</line>
<line></line>
<line>        $fix_find_request .= $value.$code.'+'.$op2.'+'.$value2.$code2.'+'.$op3.'+'.$value3.$code3;</line>
<line>     }</line>
<line>        elsif ($find_request =~ /\s*(.*?)\s*=\s*\(\s*(.*?)\s*\)\s*(AND|OR|NOT)\s*(.*?)\s*=\s*\(\s*(.*?)\s*\)/) {</line>
<line>        if ($1 eq 'WRD') {</line>
<line>            $code = &quot;&quot;;</line>
<line>        } else {</line>
<line>            $code = $h-&gt;{$1};</line>
<line>        }</line>
<line>        $value  = normalize_term($code,$2);</line>
<line>        $op2   = $3;</line>
<line>        if ($4 eq 'WRD') {</line>
<line>            $code2 = &quot;&quot;;</line>
<line>        } else {</line>
<line>            $code2 = $h-&gt;{$4};</line>
<line>        }</line>
<line>        $value2  = normalize_term($code2,$5);</line>
<line></line>
<line>        $fix_find_request .= $value.$code.'+'.$op2.'+'.$value2.$code2;</line>
<line>     }</line>
<line>        elsif ($find_request =~ /\s*(.*?)\s*=\s*\(\s*(.*?)\s*\)/) {</line>
<line>        if ($1 eq 'WRD') {</line>
<line>            $code = &quot;&quot;;</line>
<line>        } else {</line>
<line>            $code = $h-&gt;{$1};</line>
<line>        }</line>
<line>        $value  = normalize_term($code,$2);</line>
<line></line>
<line>        $fix_find_request .= $value.$code;</line>
<line>         my ($t,$w);</line>
<line>         while ($fix_find_request =~ /((.*?)\[(?:title|mh)\])/g){</line>
<line>                 $t=$1;</line>
<line>                 $w=lc($2);</line>
<line>                $fix_find_request =~s/\Q$t// if $stopw{$w};</line>
<line>        }</line>
<line>     }</line>
<line>     $fix_find_request =~ s/://g;</line>
<line>    return (&quot;&quot;, $fix_find_request);</line>
<line>}</line>
<line></line>
<line>sub normalize_term</line>
<line>{</line>
<line></line>
<line>    my ($code,$term) = @_;</line>
<line>    my @value;</line>
<line>   if ($code eq '[auth]') {</line>
<line>        if ($term=~ /&quot;(.*?)&quot;/){</line>
<line>            $term = $1;</line>
<line>        }</line>
<line>        if ($term =~ /(.+), (.+) ./) {</line>
<line>            $term = $1.&quot; &quot;.substr($2,0,1).&quot;*&quot; ;</line>
<line>        } elsif ($term =~ /(.+), (.+)/) {</line>
<line>            $term = $1.&quot; &quot;.substr($2,0,1) .&quot;*&quot;;</line>
<line>        } elsif ($term =~ /(.+), (.+) ?/) {</line>
<line>            $term = $1.&quot; &quot;.substr($2,0,1). &quot;*&quot;;</line>
<line>        }</line>
<line>        $term = '&quot;'.$term.'&quot;';</line>
<line>    }</line>
<line>    elsif (!($term =~ /&quot;.*?&quot;/)){</line>
<line>         if($code ne ''){</line>
<line>        $term =~ s/ /$code/g;}</line>
<line>    }</line>
<line></line>
<line>    return $term;</line>
<line>}</line>
<line></line>
<line>sub findPresent(){</line>
<line>    my $self = shift;</line>
<line>    return;</line>
<line>}</line>
<line></line>
<line></line>
<line>1;</line>

</program_name>
<find_module>
<line>#!/exlibris/metalib/m4_1/product/bin/perl</line>
<line></line>
<line></line>
<line>sub BEGIN {</line>
<line>    unshift (@INC, $ENV{'aleph_ext'});</line>
<line>    unshift (@INC, &quot;$ENV{'aleph_product'}&quot;.&quot;/perl/lib/site_perl/5.005&quot;);</line>
<line>    unshift (@INC, &quot;$ENV{'aleph_product'}&quot;.&quot;/perl/lib/site_perl/5.005/i686-linux&quot;);</line>
<line>}</line>
<line></line>
<line>use hc_u_pubmed;</line>
<line>use strict;</line>
<line></line>
<line>{</line>
<line>    my $externalObject = new hc_u_pubmed;</line>
<line>    $externalObject-&gt;find;</line>
<line>}</line>
<line></line>

</find_module>
<present_module>
<line>#!/exlibris/metalib/m4_1/product/bin/perl</line>
<line></line>
<line></line>
<line>sub BEGIN {</line>
<line>    unshift (@INC, $ENV{'aleph_ext'});</line>
<line>    unshift (@INC, &quot;$ENV{'aleph_product'}&quot;.&quot;/perl/lib/site_perl/5.005&quot;);</line>
<line>    unshift (@INC, &quot;$ENV{'aleph_product'}&quot;.&quot;/perl/lib/site_perl/5.005/i686-linux&quot;);</line>
<line>}</line>
<line></line>
<line>use hc_u_pubmed;</line>
<line>use strict;</line>
<line></line>
<line>{</line>
<line>    my $externalObject = new hc_u_pubmed;</line>
<line>    $externalObject-&gt;present;</line>
<line>}</line>
<line></line>

</present_module>
<category>
<main>Medisin, odontologi</main>
<sub>Medisin og odontologi</sub>
<main>Helsefag</main>
<sub>Helsefremmande arbeid / Health Promotion</sub>
<main>Medisin, odontologi</main>
<sub>Molekylærbiologi</sub>
<main>Helsefag</main>
<sub>Logopedi</sub>
<main>Psykologi, pedagogikk</main>
<sub>Psykologi</sub>
<main>Helsefag</main>
<sub>Sjukepleievitskap</sub>
<main>Helsefag</main>
<sub>Fysioterapivitskap</sub>
<main>Helsefag</main>
<sub>RAB - Radiografi, audiologi, bioingeniør</sub>
<main>Naturvitskap</main>
<sub>Molekylærbiologi</sub>
<main>Naturvitskap</main>
<sub>Kjemi</sub>
<main>Helsefag</main>
<sub>Helseledelse, helseøkonomi</sub>
<main>Medisin, odontologi</main>
<sub>Farmakologi</sub>
<main>Naturvitskap</main>
<sub>Biologi</sub>
</category>
</knowledge_unit>

<knowledge_unit>
<record>
  <controlfield tag="001">UNI01323</controlfield>
  <datafield tag="245" ind1="1" ind2=" ">
    <subfield code="a">HighWire Press</subfield>
  </datafield>
  <datafield tag="210" ind1=" " ind2=" ">
    <subfield code="a">HighWire Press</subfield>
  </datafield>
  <datafield tag="520" ind1=" " ind2=" ">
    <subfield code="a">Online-tidsskrifter frå HighWire Press ## ##Search journals published by HighWire Press</subfield>
  </datafield>
  <datafield tag="594" ind1=" " ind2=" ">
    <subfield code="a">SUBSCRIPTION</subfield>
  </datafield>
  <datafield tag="595" ind1=" " ind2=" ">
    <subfield code="a">YEAR, ISBN and ISSN searches are not supported. ## ##Searches in the subject are done on the title and abstract. ## ##Boolean NOT searches are not supported. ## ##Enter your search in one search box. Refining searches is not supported. ## ##Do not use truncation in a 'phrase' search. Truncation is only supported when one word is used as a search term.</subfield>
  </datafield>
  <datafield tag="591" ind1=" " ind2=" ">
    <subfield code="a">27.7.2006 rkl##2011.09.26 lmi Endret til subscription og bruk proxy</subfield>
  </datafield>
  <datafield tag="110" ind1="2" ind2=" ">
    <subfield code="a">HighWire Press</subfield>
  </datafield>
  <datafield tag="TAR" ind1=" " ind2=" ">
    <subfield code="a">HIGHWIRE</subfield>
    <subfield code="f">N</subfield>
  </datafield>
  <datafield tag="ZHS" ind1=" " ind2=" ">
    <subfield code="a">http://highwire.stanford.edu/cgi/searchresults?</subfield>
  </datafield>
  <datafield tag="PXY" ind1=" " ind2=" ">
    <subfield code="a">Y</subfield>
  </datafield>
  <datafield tag="AF1" ind1=" " ind2=" ">
    <subfield code="a">BERGEN</subfield>
  </datafield>
  <datafield tag="STA" ind1=" " ind2=" ">
    <subfield code="a">ACTIVE</subfield>
  </datafield>
  <controlfield tag="CKB">CKB00483</controlfield>
  <datafield tag="RNK" ind1=" " ind2=" ">
    <subfield code="a">3</subfield>
  </datafield>
  <datafield tag="CJK" ind1=" " ind2=" ">
    <subfield code="a">lat</subfield>
  </datafield>
  <controlfield tag="FMT">DD</controlfield>
  <datafield tag="ATG" ind1=" " ind2=" ">
    <subfield code="a">FREE</subfield>
  </datafield>
  <datafield tag="856" ind1="4" ind2="2">
    <subfield code="u">http://intl.highwire.org/</subfield>
  </datafield>
  <datafield tag="655" ind1=" " ind2=" ">
    <subfield code="a">E-Journal</subfield>
  </datafield>
  <datafield tag="856" ind1="4" ind2="1">
    <subfield code="u">http://highwire.stanford.edu/</subfield>
  </datafield>
  <datafield tag="856" ind1="4" ind2="3">
    <subfield code="u">$856_u</subfield>
  </datafield>
  <datafield tag="CAT" ind1=" " ind2=" ">
    <subfield code="c">20041017</subfield>
    <subfield code="l">DAT01</subfield>
    <subfield code="h">1523</subfield>
  </datafield>
  <datafield tag="CAT" ind1=" " ind2=" ">
    <subfield code="a">bergen</subfield>
    <subfield code="b">00</subfield>
    <subfield code="c">20130122</subfield>
    <subfield code="l">DAT01</subfield>
    <subfield code="h">1342</subfield>
  </datafield>
  <datafield tag="CAT" ind1=" " ind2=" ">
    <subfield code="a">bergen</subfield>
    <subfield code="b">00</subfield>
    <subfield code="c">20170509</subfield>
    <subfield code="l">DAT01</subfield>
    <subfield code="h">1123</subfield>
  </datafield>
</record>

<z58 base='HIGHWIRE'>
  <field name='z58_base'>HIGHWIRE</field>
  <field name='z58_access_method'>EXTERNAL</field>
  <field name='z58_in_record_type'>USMARC</field>
  <field name='z58_in_record_create'>vir_z00_z39_usmarc</field>
  <field name='z58_in_record_create_param'></field>
  <field name='z58_in_record_char_conv'>8859-1_TO_UTF</field>
  <field name='z58_in_direct_key'></field>
  <field name='z58_in_direct_key_param'></field>
  <field name='z58_in_scan_fix'></field>
  <field name='z58_configuration_type'>Full Record</field>
  <field name='z58_in_scan_char_conv'></field>
  <field name='z58_out_find_char_conv'>UTF_TO_8859_1</field>
  <field name='z58_out_scan_char_conv'></field>
  <field name='z58_sort'></field>
  <field name='z58_scan'></field>
  <field name='z58_tab01'>
    <field name='z58_tab01_type'></field>
    <field name='z58_tab01_code'>WTI</field>
    <field name='z58_tab01_code_target'>WTI</field>
    <field name='z58_tab01_filing'>29Ps/\?/*/gP</field>
    <field name='z58_tab01_sub_code'></field>
  </field>
  <field name='z58_tab01'>
    <field name='z58_tab01_type'></field>
    <field name='z58_tab01_code'>WAU</field>
    <field name='z58_tab01_code_target'>WAU</field>
    <field name='z58_tab01_filing'></field>
    <field name='z58_tab01_sub_code'></field>
  </field>
  <field name='z58_tab01'>
    <field name='z58_tab01_type'></field>
    <field name='z58_tab01_code'>WSU</field>
    <field name='z58_tab01_code_target'>WSU</field>
    <field name='z58_tab01_filing'>29Ps/\?/*/gP</field>
    <field name='z58_tab01_sub_code'></field>
  </field>
  <field name='z58_tab01'>
    <field name='z58_tab01_type'></field>
    <field name='z58_tab01_code'>WYR</field>
    <field name='z58_tab01_code_target'>WYR</field>
    <field name='z58_tab01_filing'></field>
    <field name='z58_tab01_sub_code'></field>
  </field>
  <field name='z58_tab01'>
    <field name='z58_tab01_type'></field>
    <field name='z58_tab01_code'>WRD</field>
    <field name='z58_tab01_code_target'>WRD</field>
    <field name='z58_tab01_filing'>29Ps/\?/*/gP</field>
    <field name='z58_tab01_sub_code'></field>
  </field>
  <field name='z58_tab01'>
    <field name='z58_tab01_type'></field>
    <field name='z58_tab01_code'>ISSN</field>
    <field name='z58_tab01_code_target'>ISSN</field>
    <field name='z58_tab01_filing'></field>
    <field name='z58_tab01_sub_code'></field>
  </field>
  <field name='z58_tab01'>
    <field name='z58_tab01_type'></field>
    <field name='z58_tab01_code'>ISBN</field>
    <field name='z58_tab01_code_target'>ISBN</field>
    <field name='z58_tab01_filing'></field>
    <field name='z58_tab01_sub_code'></field>
  </field>
  <field name='z58_tab01'>
    <field name='z58_tab01_type'></field>
    <field name='z58_tab01_code'>24###</field>
    <field name='z58_tab01_code_target'>WTI</field>
    <field name='z58_tab01_filing'>1_2P.,:;!&quot;-*P_8P8P</field>
    <field name='z58_tab01_sub_code'>a</field>
  </field>
  <field name='z58_tab01'>
    <field name='z58_tab01_type'></field>
    <field name='z58_tab01_code'>1####</field>
    <field name='z58_tab01_code_target'>WAU</field>
    <field name='z58_tab01_filing'>1_7P([/&lt;P_2P.P_12</field>
    <field name='z58_tab01_sub_code'>a</field>
  </field>
  <field name='z58_tab01'>
    <field name='z58_tab01_type'></field>
    <field name='z58_tab01_code'>6####</field>
    <field name='z58_tab01_code_target'>WSU</field>
    <field name='z58_tab01_filing'>1_2P.,:;!&quot;-*P</field>
    <field name='z58_tab01_sub_code'>a</field>
  </field>
  <field name='z58_tab01'>
    <field name='z58_tab01_type'></field>
    <field name='z58_tab01_code'>7####</field>
    <field name='z58_tab01_code_target'></field>
    <field name='z58_tab01_filing'></field>
    <field name='z58_tab01_sub_code'></field>
  </field>
  <field name='z58_record_conv_name'>vir_fix_doc_standard</field>
  <field name='z58_record_conv_param'></field>
  <field name='z58_tab_conv'>
    <field name='z58_tab_conv_in_tag'>362##</field>
    <field name='z58_tab_conv_in_sub_field'>a</field>
    <field name='z58_tab_conv_program'>vir_fix_doc_reg_exp</field>
    <field name='z58_tab_conv_param'>YR,a,Pa/(\d{4})/</field>
    <field name='z58_tab_conv_action'>ADDNEW</field>
    <field name='z58_tab_conv_condition'></field>
  </field>
  <field name='z58_metalib_info'></field>
  <field name='z58_metalib_select'></field>
  <field name='z58_metalib_connect'></field>
  <field name='z58_metalib_note'></field>
  <field name='z58_locate'></field>
  <field name='z58_holding_method'></field>
  <field name='z58_z39_server_rec_fix'></field>
  <field name='z58_z39_server_rec_fix'></field>
  <field name='z58_z39_server_rec_fix'></field>
  <field name='z58_z39_server_rec_fix'></field>
  <field name='z58_z39_server_rec_fix'></field>
  <field name='z58_z39_server_rec_type'></field>
  <field name='z58_z39_server_rec_type'></field>
  <field name='z58_z39_server_rec_type'></field>
  <field name='z58_z39_server_rec_type'></field>
  <field name='z58_z39_server_rec_type'></field>
  <field name='z58_z39_server_char_conv'></field>
  <field name='z58_z39_server_char_conv'></field>
  <field name='z58_z39_server_char_conv'></field>
  <field name='z58_z39_server_char_conv'></field>
  <field name='z58_z39_server_char_conv'></field>
  <field name='z58_sfx_name'></field>
  <field name='z58_sfx_param'></field>
  <field name='z58_sfx_950'>
    <field name='z58_sfx_950_source_tag'></field>
    <field name='z58_sfx_950_source_value'></field>
    <field name='z58_sfx_950_field'>year</field>
    <field name='z58_sfx_950_tag'>YR</field>
    <field name='z58_sfx_950_program'></field>
    <field name='z58_sfx_950_param'>a</field>
  </field>
  <field name='z58_sfx_950'>
    <field name='z58_sfx_950_source_tag'></field>
    <field name='z58_sfx_950_source_value'></field>
    <field name='z58_sfx_950_field'>atitle</field>
    <field name='z58_sfx_950_tag'>245##</field>
    <field name='z58_sfx_950_program'></field>
    <field name='z58_sfx_950_param'>a</field>
  </field>
  <field name='z58_sfx_950'>
    <field name='z58_sfx_950_source_tag'></field>
    <field name='z58_sfx_950_source_value'></field>
    <field name='z58_sfx_950_field'>title</field>
    <field name='z58_sfx_950_tag'>773##</field>
    <field name='z58_sfx_950_program'></field>
    <field name='z58_sfx_950_param'>t</field>
  </field>
  <field name='z58_sfx_950'>
    <field name='z58_sfx_950_source_tag'></field>
    <field name='z58_sfx_950_source_value'></field>
    <field name='z58_sfx_950_field'>volume</field>
    <field name='z58_sfx_950_tag'>VOL</field>
    <field name='z58_sfx_950_program'>vir_950_reg_exp</field>
    <field name='z58_sfx_950_param'>Pa/(\d+)/</field>
  </field>
  <field name='z58_sfx_950'>
    <field name='z58_sfx_950_source_tag'></field>
    <field name='z58_sfx_950_source_value'></field>
    <field name='z58_sfx_950_field'>spage</field>
    <field name='z58_sfx_950_tag'>PG</field>
    <field name='z58_sfx_950_program'>vir_950_parser</field>
    <field name='z58_sfx_950_param'>Pa\S\G-</field>
  </field>
  <field name='z58_sfx_950'>
    <field name='z58_sfx_950_source_tag'></field>
    <field name='z58_sfx_950_source_value'></field>
    <field name='z58_sfx_950_field'>epage</field>
    <field name='z58_sfx_950_tag'>PG</field>
    <field name='z58_sfx_950_program'>vir_950_parser</field>
    <field name='z58_sfx_950_param'>Pa\S-\G</field>
  </field>
  <field name='z58_sfx_950'>
    <field name='z58_sfx_950_source_tag'></field>
    <field name='z58_sfx_950_source_value'></field>
    <field name='z58_sfx_950_field'>authorl</field>
    <field name='z58_sfx_950_tag'>100</field>
    <field name='z58_sfx_950_program'>vir_950_au_firlst</field>
    <field name='z58_sfx_950_param'>Pa</field>
  </field>
  <field name='z58_sfx_950'>
    <field name='z58_sfx_950_source_tag'></field>
    <field name='z58_sfx_950_source_value'></field>
    <field name='z58_sfx_950_field'>issue</field>
    <field name='z58_sfx_950_tag'>ISSUE</field>
    <field name='z58_sfx_950_program'></field>
    <field name='z58_sfx_950_param'>a</field>
  </field>
  <field name='z58_sfx_950'>
    <field name='z58_sfx_950_source_tag'></field>
    <field name='z58_sfx_950_source_value'></field>
    <field name='z58_sfx_950_field'>genre</field>
    <field name='z58_sfx_950_tag'>245##</field>
    <field name='z58_sfx_950_program'>vir_950_reg_exp</field>
    <field name='z58_sfx_950_param'>Pas/.*/article/</field>
  </field>
  <field name='z58_sfx_950'>
    <field name='z58_sfx_950_source_tag'></field>
    <field name='z58_sfx_950_source_value'></field>
    <field name='z58_sfx_950_field'>spage</field>
    <field name='z58_sfx_950_tag'>PG</field>
    <field name='z58_sfx_950_program'></field>
    <field name='z58_sfx_950_param'>a</field>
  </field>
  <field name='z58_open_date'>20051017</field>
  <field name='z58_update_date'>20120304</field>
  <field name='z58_cataloger'>Chris</field>
  <field name='z58_source'>XXX</field>
  <field name='z58_status'></field>
  <field name='z58_sdi_flag'></field>
  <field name='z58_sdi_326_key'>        00</field>
  <field name='z58_merge_type'></field>
  <field name='z58_up_cataloger'>exlibris</field>
  <field name='z58_update_time'>0000000000</field>
  <field name='z58_active'>Y</field>
  <field name='z58_institute'>METALIB</field>
  <field name='z58_html_hit_pattern'></field>
  <field name='z58_zero_hit_pattern'></field>
  <field name='z58_program_name'>hc_u_highwire.pm</field>
  <field name='z58_authen_module'></field>
  <field name='z58_find_module'>ext_highwire_find</field>
  <field name='z58_present_module'>ext_highwire_present</field>
  <field name='z58_external_format'></field>
  <field name='z58_version'></field>
  <field name='z58_buf_url'>
  </field>
</z58>

<program_name>
<line>#################################################################</line>
<line>####################-----hc_u_----#######################</line>
<line>#################################################################</line>
<line>use strict;</line>
<line>#use warnings;</line>
<line>package hc_u_highwire;</line>
<line>use base (&quot;hc_url&quot;);</line>
<line>use URI::Escape;</line>
<line></line>
<line>#################################################################</line>
<line>sub createFindRequest {</line>
<line>    my $self = shift;</line>
<line>    $self-&gt;{Find}-&gt;{hitPattern} = 'of ([\d|,]+) results';</line>
<line>  #  $self-&gt;{Find}-&gt;{nextPattern} = '';#get the 'next' navigation from the response via regex</line>
<line>  #  $self-&gt;{Find}-&gt;{failPattern} = '';#regex on response of failed logon - only special cases</line>
<line>    my $command=$self-&gt;constructQuery();</line>
<line>    $self-&gt;{RequestParams}-&gt;{cgiMethod} = 'GET';</line>
<line>    $self-&gt;{RequestParams}-&gt;{url} = $self-&gt;{Find}-&gt;{baseUrl}.$command;</line>
<line>  #  $self-&gt;{RequestParams}-&gt;{addToHeader}= {};# only if special lines must be added to http header</line>
<line>    $self-&gt;{MLQuery} = $self-&gt;{RequestParams}-&gt;{url};</line>
<line>    return (0,&quot;&quot;);</line>
<line>}</line>
<line>#################################################################</line>
<line>sub createPresentRequest {</line>
<line>    my $self = shift;</line>
<line>    ##my $page = int(($self-&gt;{Present}-&gt;{Navigate}-&gt;{setEntry}/10) + 1);</line>
<line>    #$self-&gt;{Present}-&gt;{Navigate}-&gt;{setEntry}=100;</line>
<line>    my $start = $self-&gt;{Present}-&gt;{Navigate}-&gt;{setEntry} - 1;</line>
<line>    $self-&gt;{RequestParams}-&gt;{url} = $self-&gt;{MLQuery};</line>
<line>    $self-&gt;{RequestParams}-&gt;{url} .= &quot;&amp;FIRSTINDEX=$start&quot;;</line>
<line>    $self-&gt;{RequestParams}-&gt;{cgiMethod} = &quot;GET&quot;;</line>
<line>    return (0,&quot;&quot;);</line>
<line>}</line>
<line>#################################################################</line>
<line>sub constructQuery {</line>
<line>        # $self-&gt;{CookieJar}-&gt;{IN_param1} etc are the session ids that can be replaced from the conf file</line>
<line>    my $self = shift;</line>
<line>    my $find_request = $self-&gt;{MLQuery};</line>
<line>    $find_request =~ s/\?/\*/g;</line>
<line></line>
<line>    my $h = {</line>
<line>        'WRD'  =&gt; 'fulltext',</line>
<line>        'WTI'  =&gt; 'title',</line>
<line>        'WAU'  =&gt; 'author1',</line>
<line>        'WSU'  =&gt; 'titleabstract',</line>
<line>        'WYR'  =&gt; 'pubdate_year',</line>
<line>        'ISSN' =&gt; 'fulltext',</line>
<line>        'ISBN' =&gt; 'fulltext',</line>
<line>        #'AND'  =&gt; '',</line>
<line>        #'OR'   =&gt; '',</line>
<line>        #'NOT'  =&gt; '',</line>
<line>    };</line>
<line>    my ($hash, $year);</line>
<line>    my ($code,$value,$bool);</line>
<line>    my $count=1;</line>
<line>    my $code12=0;</line>
<line>    my $code23=0;</line>
<line>    my $code13=0;</line>
<line>    my $allcodeq=0;</line>
<line>    ##getting the params</line>
<line>    #while ($find_request =~ /(AND|OR|NOT)?\s*(\w+)\s?=\s?\(\s?(.*?)\s?\)\s?/g){</line>
<line>        #       $bool=$1;</line>
<line>        #       $code=$2;</line>
<line>        #       $value=$3;</line>
<line>    while ($find_request =~ /\s?(\w+)\s?=\s?\(\s?(.*?)\s?\)\s?(AND|OR|NOT)?/g){</line>
<line>        #$code=$1;</line>
<line>        #$value=$2;</line>
<line>        #$bool=$3;</line>
<line></line>
<line>        $hash-&gt;{&quot;code$count&quot;}  = $1;</line>
<line>        $hash-&gt;{&quot;value$count&quot;} = $2;</line>
<line>        $hash-&gt;{&quot;bool$count&quot;}  = $3;</line>
<line></line>
<line>        if($count == 2){</line>
<line>                if($hash-&gt;{code1} eq $hash-&gt;{code2}) {$code12=1;}</line>
<line>        }</line>
<line>        elsif($count == 3){</line>
<line>            if($hash-&gt;{code2} eq $hash-&gt;{code3}) {$code23=1;}</line>
<line>        }</line>
<line>        $hash-&gt;{&quot;value$count&quot;} =~ s/\s/\+/g;</line>
<line>         if($hash-&gt;{&quot;code$count&quot;} ne &quot;WYR&quot;){</line>
<line>         $hash-&gt;{&quot;value$count&quot;} = '(' . $hash-&gt;{&quot;value$count&quot;} . ')' ;}</line>
<line></line>
<line>        $count++;</line>
<line>    }</line>
<line></line>
<line>    if($code12 &amp;&amp; $code23){</line>
<line>        $allcodeq=1;</line>
<line>    }</line>
<line>    my $cgi_parameters = &quot;&quot;;</line>
<line></line>
<line>    ##If only one search term, search as &quot;and&quot; not &quot;or&quot;</line>
<line>    if ($count == 2){</line>
<line>        if ($hash-&gt;{code1} eq 'WTI'){</line>
<line>            $cgi_parameters = &quot;CODE1=TERM1&amp;andorexacttitle=and&amp;src=hw&amp;searchsubmit=redo&amp;resourcetype=1&quot;;</line>
<line>        }</line>
<line>        else{</line>
<line>            $cgi_parameters = &quot;CODE1=TERM1&amp;andorexactfulltext=and&amp;src=hw&amp;searchsubmit=redo&amp;resourcetype=1&quot;;</line>
<line>        }</line>
<line>    }</line>
<line>    elsif($allcodeq){</line>
<line>        $cgi_parameters = &quot;CODE1=TERM1+BOOL1+TERM2+BOOL2+TERM3&amp;src=hw&amp;searchsubmit=redo&amp;resourcetype=1&quot;;</line>
<line>    }</line>
<line>    elsif($code12){</line>
<line>       $cgi_parameters = &quot;CODE1=TERM1+BOOL1+TERM2&amp;CODE3=TERM3&amp;src=hw&amp;searchsubmit=redo&amp;resourcetype=1&quot;;</line>
<line>    }</line>
<line>    elsif($code23){</line>
<line>        $cgi_parameters = &quot;CODE2=TERM2+BOOL2+TERM3&amp;CODE1=TERM1&amp;src=hw&amp;searchsubmit=redo&amp;resourcetype=1&quot;;</line>
<line>    }</line>
<line>    else{</line>
<line>        $cgi_parameters = &quot;CODE1=TERM1&amp;CODE2=TERM2&amp;CODE3=TERM3&amp;src=hw&amp;searchsubmit=redo&amp;resourcetype=1&quot;;</line>
<line>    }</line>
<line></line>
<line></line>
<line>    $cgi_parameters =~ s/CODE1/$h-&gt;{$hash-&gt;{code1}}/;</line>
<line>    $cgi_parameters =~ s/CODE2/$h-&gt;{$hash-&gt;{code2}}/;</line>
<line>    $cgi_parameters =~ s/CODE3/$h-&gt;{$hash-&gt;{code3}}/;</line>
<line>    $cgi_parameters =~ s/TERM1/$hash-&gt;{value1}/;</line>
<line>    $cgi_parameters =~ s/TERM2/$hash-&gt;{value2}/;</line>
<line>    $cgi_parameters =~ s/TERM3/$hash-&gt;{value3}/;</line>
<line>    $cgi_parameters =~ s/BOOL1/$hash-&gt;{bool1}/;</line>
<line>    $cgi_parameters =~ s/BOOL2/$hash-&gt;{bool2}/;</line>
<line>    $cgi_parameters =~ s/&amp;=//g;</line>
<line>    $cgi_parameters =~ s/&amp;+/&amp;/g;</line>
<line></line>
<line></line>
<line></line>
<line>    return ($cgi_parameters);</line>
<line>}</line>
<line>#################################################################</line>
<line>sub parsePresentResults {</line>
<line>    my $self = shift;</line>
<line>    my $response = $self-&gt;{response};</line>
<line>    $response =~ s/[\n\r\t]/ /g;</line>
<line>    $response =~ s/\s+/ /g;</line>
<line></line>
<line>    my (@present);</line>
<line>    my $prefix = &quot;&quot;;</line>
<line>    while ( $response =~ m!&lt;TD ROWSPAN=&quot;2&quot; ALIGN=&quot;CENTER&quot; VALIGN=&quot;TOP&quot; WIDTH=&quot;61&quot; NOWRAP&gt;(.*?)&lt;\/table&gt;\s*&lt;TABLE CELLPADDING=&quot;0&quot; CELLSPACING=&quot;0&quot; BORDER=&quot;0&quot; WIDTH=&quot;120&quot;&gt;!sg ) {</line>
<line>        my $result_line = $1;</line>
<line>        my @docs        = ();</line>
<line></line>
<line></line>
<line></line>
<line>        #thumb</line>
<line>        my ($thumb)=$result_line=~m!&lt;IMG.*?SRC=&quot;([^&quot;]+)&quot;!cs;</line>
<line>        push (@docs, &quot;THUMB \$\$a$thumb&quot;)if $thumb;</line>
<line></line>
<line></line>
<line>        #title</line>
<line>        my ($ttl,$auth,$jnl,$cit)=$result_line=~m!\G.*?&lt;/FONT&gt;\s*&lt;font size=&quot;-1&quot; face=&quot;verdana,arial,helvetica,sans-serif&quot;&gt;\s*&lt;STRONG&gt;(.*?)&lt;/STRONG&gt;&lt;br&gt;&lt;/font&gt;\s*&lt;font size=&quot;-2&quot; face=&quot;verdana,arial,helvetica,sans-serif&quot;&gt;(.*?)&lt;BR&gt;\s*&lt;strong&gt;(.*?)&lt;/strong&gt;(.*?)&lt;/font&gt;&lt;/TD&gt;!cs;</line>
<line></line>
<line></line>
<line>        if(!$ttl){</line>
<line>        ($ttl,$jnl,$cit)=$result_line=~m!\G.*?&lt;/FONT&gt;\s*&lt;font size=&quot;-1&quot; face=&quot;verdana,arial,helvetica,sans-serif&quot;&gt;\s*&lt;STRONG&gt;(.*?)&lt;/STRONG&gt;&lt;br&gt;&lt;/font&gt;\s*&lt;font size=&quot;-2&quot; face=&quot;verdana,arial,helvetica,sans-serif&quot;&gt;\s*&lt;strong&gt;(.*?)&lt;/strong&gt;(.*?)&lt;/font&gt;&lt;/TD&gt;!cs;</line>
<line>        }</line>
<line>        push (@docs, &quot;245 \$\$a$ttl&quot;)if $ttl;</line>
<line></line>
<line></line>
<line>        #author</line>
<line>        $auth =~ s/ and / , /g;</line>
<line>        my @auths = split /, /, $auth;</line>
<line>        my $ath = shift @auths;</line>
<line>        push (@docs, &quot;100 \$\$a$ath&quot;) if $ath;</line>
<line>        foreach  $ath (@auths){</line>
<line>                push (@docs, &quot;700 \$\$a$ath&quot;);</line>
<line>        }</line>
<line></line>
<line>        #jnl</line>
<line>        $jnl =~ s/,//g;</line>
<line>        push (@docs, &quot;773 \$\$t$jnl&quot;)if $jnl;</line>
<line></line>
<line></line>
<line></line>
<line>        #cit</line>
<line>        my ($dt, $vol ,$PG)= $cit =~ m!(.*?);(.*?):(.*?)\.!cs;</line>
<line>        push (@docs, &quot;362 \$\$a$dt&quot;)if $dt;</line>
<line>        push (@docs, &quot;VOL \$\$a$vol&quot;)if $vol;</line>
<line>        push (@docs, &quot;PG \$\$a$PG&quot;)if $PG;</line>
<line></line>
<line>        my $cit1;</line>
<line>       if($vol){</line>
<line>         $vol=~ s/\s//g;</line>
<line>         $cit1 = &quot;Volume:$vol&quot;;}</line>
<line></line>
<line></line>
<line>        #abstract</line>
<line>        my ($notes)=$result_line=~m!\G.*?TD VALIGN=&quot;TOP&quot;&gt;&lt;\!--SUSPENDHIGHLIGHT--&gt;&lt;font size=&quot;-2&quot; face=&quot;verdana,arial,helvetica,sans-serif&quot; color=&quot;#666666&quot;&gt;(.*?)&lt;/FONT&gt;&lt;\!--RESUMEHIGHLIGHT--&gt;&lt;/TD&gt;!cs;</line>
<line>        push (@docs, &quot;520 \$\$a$notes&quot;) if $notes;</line>
<line></line>
<line></line>
<line>        #href</line>
<line>        my ($abshref)=$result_line=~m!\G.*?&lt;A class=&quot;searchresult_contentlinks_major&quot; TARGET=&quot;_blank&quot; HREF=&quot;([^&quot;]+)&quot;&gt;\s*Abstract!cs;</line>
<line>        push (@docs, &quot;856 \$\$u$abshref&quot;)if $abshref;</line>
<line></line>
<line>        #href</line>
<line>        my ($flhref)=$result_line=~m!\G.*?&lt;A class=&quot;searchresult_contentlinks_major&quot; TARGET=&quot;_blank&quot; HREF=&quot;([^&quot;]+)&quot;&gt;\s*Full text!cs;</line>
<line>        push (@docs, &quot;856 \$\$u$flhref&quot;)if $flhref;</line>
<line></line>
<line>        #href</line>
<line>        my ($pdfhref)=$result_line=~m!\G.*?&lt;A class=&quot;searchresult_contentlinks_major&quot; TARGET=&quot;_blank&quot; HREF=&quot;([^&quot;]+)&quot;&gt;\s*PDF!cs;</line>
<line>        push (@docs, &quot;856 \$\$u$pdfhref&quot;)if $pdfhref;</line>
<line></line>
<line>       my ($issue);</line>
<line>       if($abshref){</line>
<line>        ($issue) = $abshref =~ m!abstract/.*?/(\d+)/!cs;</line>
<line>       push (@docs, &quot;ISSUE \$\$a$issue&quot;)if $issue;</line>
<line>       }</line>
<line>       elsif($flhref){</line>
<line>        ($issue) = $flhref =~ m!full/.*?/(\d+)/!cs;</line>
<line>       push (@docs, &quot;ISSUE \$\$a$issue&quot;)if $issue;</line>
<line>       }</line>
<line>      elsif($pdfhref){</line>
<line>        ($issue) = $pdfhref =~ m!/[\d|X]+/([\d|X]+)/[\d|X]+!cs;</line>
<line>       push (@docs, &quot;ISSUE \$\$a$issue&quot;)if $issue;</line>
<line>       }</line>
<line></line>
<line>       if($issue){</line>
<line>       $issue =~ s/\s//g;</line>
<line>       $cit1 .= &quot; Issue:$issue&quot;;</line>
<line>       }</line>
<line>       if($PG){</line>
<line>       $PG =~ s/\s//g;</line>
<line>       $cit1 .= &quot; Pages:$PG&quot;;</line>
<line>       }</line>
<line>       push (@docs, &quot;773 \$\$g$cit1&quot;)if $cit1;</line>
<line></line>
<line></line>
<line>        if (scalar @docs) {</line>
<line>            push(@present,\@docs);</line>
<line>        }</line>
<line>    }</line>
<line>    $self-&gt;{PresentArray} = \@present;</line>
<line>    return (0,&quot;&quot;);</line>
<line>}</line>
<line></line>
<line>1;</line>

</program_name>
<find_module>
<line>#!/exlibris/metalib/m4_1/product/bin/perl</line>
<line>sub BEGIN {</line>
<line>    unshift (@INC, $ENV{'aleph_ext'});</line>
<line>    unshift (@INC, &quot;$ENV{'aleph_product'}&quot;.&quot;/perl/lib/site_perl/5.005&quot;);</line>
<line>    unshift (@INC, &quot;$ENV{'aleph_product'}&quot;.&quot;/perl/lib/site_perl/5.005/i686-linux&quot;);</line>
<line>}</line>
<line></line>
<line>use hc_u_highwire;</line>
<line>use strict;</line>
<line></line>
<line>{</line>
<line>    my $externalObject = new hc_u_highwire;</line>
<line>    $externalObject-&gt;find;</line>
<line>}</line>
<line></line>

</find_module>
<present_module>
<line>#!/exlibris/metalib/m4_1/product/bin/perl</line>
<line>sub BEGIN {</line>
<line>    unshift (@INC, $ENV{'aleph_ext'});</line>
<line>    unshift (@INC, &quot;$ENV{'aleph_product'}&quot;.&quot;/perl/lib/site_perl/5.005&quot;);</line>
<line>    unshift (@INC, &quot;$ENV{'aleph_product'}&quot;.&quot;/perl/lib/site_perl/5.005/i686-linux&quot;);</line>
<line>}</line>
<line></line>
<line>use hc_u_highwire;</line>
<line>use strict;</line>
<line></line>
<line>{</line>
<line>    my $externalObject = new hc_u_highwire;</line>
<line>    $externalObject-&gt;present;</line>
<line>}</line>
<line></line>

</present_module>
<category>
<main>Tverrfagleg</main>
<sub>E-tidsskriftpakkar</sub>
</category>
</knowledge_unit>

    
    

</file>